<?xml version="1.0" encoding="UTF-8"?>
<record>
  <leader>-----nas--2200745-a-4500</leader>
  <controlfield tag="001">99370673692206441</controlfield>
  <controlfield tag="005">20240912213021.0</controlfield>
  <controlfield tag="006">m-----o--d--------</controlfield>
  <controlfield tag="007">cr-cn|||||||||</controlfield>
  <controlfield tag="008">020502c19679999enkmr-pso-----0---a0eng-c</controlfield>
  <datafield tag="010" ind1=" " ind2=" ">
    <subfield code="a">  2002238428</subfield>
  </datafield>
  <datafield tag="015" ind1=" " ind2=" ">
    <subfield code="a">GBA607077</subfield>
    <subfield code="2">bnb</subfield>
  </datafield>
  <datafield tag="016" ind1="7" ind2=" ">
    <subfield code="a">2001685 -2</subfield>
    <subfield code="2">DE-600</subfield>
  </datafield>
  <datafield tag="016" ind1="7" ind2=" ">
    <subfield code="a">013361951</subfield>
    <subfield code="2">Uk</subfield>
  </datafield>
  <datafield tag="022" ind1=" " ind2=" ">
    <subfield code="a">1360-0591</subfield>
  </datafield>
  <datafield tag="035" ind1=" " ind2=" ">
    <subfield code="a">(DE-599)ZDB2001685-2</subfield>
  </datafield>
  <datafield tag="035" ind1=" " ind2=" ">
    <subfield code="a">(OCoLC)49708107</subfield>
  </datafield>
  <datafield tag="035" ind1=" " ind2=" ">
    <subfield code="a">(CKB)954921358425</subfield>
  </datafield>
  <datafield tag="035" ind1=" " ind2=" ">
    <subfield code="a">(CONSER)--2002238428</subfield>
  </datafield>
  <datafield tag="035" ind1=" " ind2=" ">
    <subfield code="a">(EXLCZ)99954921358425</subfield>
  </datafield>
  <datafield tag="037" ind1=" " ind2=" ">
    <subfield code="b">Carfax International Publishers, PO Box 25, Abingdon, Oxfordshire, OX14 3UE, UK</subfield>
  </datafield>
  <datafield tag="041" ind1="0" ind2=" ">
    <subfield code="a">eng</subfield>
    <subfield code="b">eng</subfield>
    <subfield code="b">fre</subfield>
    <subfield code="b">ger</subfield>
  </datafield>
  <datafield tag="042" ind1=" " ind2=" ">
    <subfield code="a">pcc</subfield>
  </datafield>
  <datafield tag="043" ind1=" " ind2=" ">
    <subfield code="a">e-uk---</subfield>
  </datafield>
  <datafield tag="050" ind1="0" ind2="0">
    <subfield code="a">HT390</subfield>
  </datafield>
  <datafield tag="070" ind1="0" ind2=" ">
    <subfield code="a">HT390</subfield>
    <subfield code="b">.R44</subfield>
  </datafield>
  <datafield tag="082" ind1="0" ind2="4">
    <subfield code="a">307.12</subfield>
  </datafield>
  <datafield tag="130" ind1="0" ind2=" ">
    <subfield code="a">Regional studies (Online)</subfield>
  </datafield>
  <datafield tag="210" ind1=" " ind2=" ">
    <subfield code="a">REG STUD</subfield>
  </datafield>
  <datafield tag="210" ind1=" " ind2=" ">
    <subfield code="a">REGIONAL STUDIES ABINGDON</subfield>
  </datafield>
  <datafield tag="210" ind1=" " ind2=" ">
    <subfield code="a">REG. STUD</subfield>
  </datafield>
  <datafield tag="245" ind1="1" ind2="0">
    <subfield code="a">Regional studies.</subfield>
  </datafield>
  <datafield tag="260" ind1=" " ind2=" ">
    <subfield code="a">London :</subfield>
    <subfield code="b">Carfax,</subfield>
    <subfield code="c">1967-</subfield>
  </datafield>
  <datafield tag="260" ind1=" " ind2=" ">
    <subfield code="3">May 1967- :</subfield>
    <subfield code="a">Elmsford, N.Y. :</subfield>
    <subfield code="b">Pergamon Press</subfield>
  </datafield>
  <datafield tag="260" ind1="2" ind2=" ">
    <subfield code="3">&lt;Feb. 1997&gt;-Dec. 2004 :</subfield>
    <subfield code="b">Oxfordshire :</subfield>
    <subfield code="b">Carbfax Publishing, Taylor &amp; Francis Group</subfield>
  </datafield>
  <datafield tag="260" ind1="3" ind2=" ">
    <subfield code="3">Feb. 2005- :</subfield>
    <subfield code="b">Abingdon :</subfield>
    <subfield code="b">Routledge, Taylor &amp; Francis Group</subfield>
  </datafield>
  <datafield tag="300" ind1=" " ind2=" ">
    <subfield code="a">1 online resource</subfield>
  </datafield>
  <datafield tag="310" ind1=" " ind2=" ">
    <subfield code="a">Monthly</subfield>
  </datafield>
  <datafield tag="336" ind1=" " ind2=" ">
    <subfield code="a">text</subfield>
    <subfield code="b">txt</subfield>
    <subfield code="2">rdacontent</subfield>
  </datafield>
  <datafield tag="337" ind1=" " ind2=" ">
    <subfield code="a">computer</subfield>
    <subfield code="b">c</subfield>
    <subfield code="2">rdamedia</subfield>
  </datafield>
  <datafield tag="338" ind1=" " ind2=" ">
    <subfield code="a">online resource</subfield>
    <subfield code="b">cr</subfield>
    <subfield code="2">rdacarrier</subfield>
  </datafield>
  <datafield tag="362" ind1="1" ind2=" ">
    <subfield code="a">Began with vol. 1, issue 1 (1967).</subfield>
  </datafield>
  <datafield tag="500" ind1=" " ind2=" ">
    <subfield code="a">Refereed/Peer-reviewed</subfield>
  </datafield>
  <datafield tag="500" ind1=" " ind2=" ">
    <subfield code="a">Sister publication to: Finance and space.</subfield>
  </datafield>
  <datafield tag="538" ind1=" " ind2=" ">
    <subfield code="a">Mode of access: World Wide Web.</subfield>
  </datafield>
  <datafield tag="546" ind1=" " ind2=" ">
    <subfield code="a">Articles in English; abstracts in English, French and German.</subfield>
  </datafield>
  <datafield tag="588" ind1="0" ind2=" ">
    <subfield code="a">Vol. 1, issue 1 (1967); title from homepage, viewed May 2, 2002).</subfield>
  </datafield>
  <datafield tag="588" ind1="1" ind2=" ">
    <subfield code="a">Vol. 52, issue 12 (2018) (Taylor &amp; Francis online, viewed Nov. 15, 2018).</subfield>
  </datafield>
  <datafield tag="650" ind1=" " ind2="0">
    <subfield code="a">Regional planning</subfield>
    <subfield code="v">Periodicals.</subfield>
  </datafield>
  <datafield tag="650" ind1=" " ind2="0">
    <subfield code="a">Regional planning</subfield>
    <subfield code="z">Great Britain</subfield>
    <subfield code="v">Periodicals.</subfield>
  </datafield>
  <datafield tag="650" ind1=" " ind2="7">
    <subfield code="a">Land Use Planning.</subfield>
    <subfield code="2">ebps</subfield>
  </datafield>
  <datafield tag="650" ind1=" " ind2="7">
    <subfield code="a">Regional planning.</subfield>
    <subfield code="2">fast</subfield>
    <subfield code="0">(OCoLC)fst01093120</subfield>
  </datafield>
  <datafield tag="651" ind1=" " ind2="7">
    <subfield code="a">Great Britain.</subfield>
    <subfield code="2">fast</subfield>
    <subfield code="0">(OCoLC)fst01204623</subfield>
    <subfield code="1">https://id.oclc.org/worldcat/entity/E39PBJdmp7p3cx8hpmJ8HvmTpP</subfield>
  </datafield>
  <datafield tag="650" ind1=" " ind2="7">
    <subfield code="a">Raumordnung</subfield>
    <subfield code="2">gnd</subfield>
  </datafield>
  <datafield tag="650" ind1=" " ind2="7">
    <subfield code="a">Zeitschrift</subfield>
    <subfield code="2">gnd</subfield>
  </datafield>
  <datafield tag="650" ind1=" " ind2="7">
    <subfield code="a">Online-Ressource</subfield>
    <subfield code="2">gnd</subfield>
  </datafield>
  <datafield tag="650" ind1=" " ind2="7">
    <subfield code="a">Geografie</subfield>
    <subfield code="2">gnd</subfield>
  </datafield>
  <datafield tag="650" ind1=" " ind2="7">
    <subfield code="a">HW_IZW.</subfield>
    <subfield code="2">less</subfield>
  </datafield>
  <datafield tag="653" ind1=" " ind2=" ">
    <subfield code="a">Architecture and planning</subfield>
  </datafield>
  <datafield tag="653" ind1=" " ind2=" ">
    <subfield code="a">Business, management and economics</subfield>
  </datafield>
  <datafield tag="655" ind1=" " ind2="7">
    <subfield code="a">Periodicals.</subfield>
    <subfield code="2">fast</subfield>
    <subfield code="0">(OCoLC)fst01411641</subfield>
  </datafield>
  <datafield tag="776" ind1=" " ind2=" ">
    <subfield code="x">0034-3404</subfield>
    <subfield code="0">http://worldcat.org/issn/{0}0034-3404</subfield>
  </datafield>
  <datafield tag="710" ind1="2" ind2=" ">
    <subfield code="a">Regional Studies Association (Seaford, England),</subfield>
    <subfield code="e">issuing body.</subfield>
  </datafield>
  <datafield tag="853" ind1="2" ind2="0">
    <subfield code="8">1</subfield>
    <subfield code="a">v.</subfield>
    <subfield code="b">no.</subfield>
    <subfield code="u">9</subfield>
    <subfield code="v">r</subfield>
    <subfield code="i">(year)</subfield>
    <subfield code="j">(month)</subfield>
    <subfield code="w">9</subfield>
    <subfield code="x">02</subfield>
    <subfield code="y">pm02,04,05,06,07,08,10,11,12</subfield>
  </datafield>
  <datafield tag="863" ind1="4" ind2="1">
    <subfield code="8">1.1</subfield>
    <subfield code="a">31</subfield>
    <subfield code="b">1</subfield>
    <subfield code="i">1997</subfield>
    <subfield code="j">02</subfield>
  </datafield>
  <datafield tag="906" ind1=" " ind2=" ">
    <subfield code="a">JOURNAL</subfield>
  </datafield>
  <datafield tag="MBD" ind1=" " ind2=" ">
    <subfield code="M">49HBZ_NETWORK</subfield>
    <subfield code="i">99370673692206441</subfield>
    <subfield code="n">HBZ Network</subfield>
  </datafield>
  <datafield tag="MBD" ind1=" " ind2=" ">
    <subfield code="M">49HBZ_WUP</subfield>
    <subfield code="i">9915969960106447</subfield>
    <subfield code="n">Bergische Universität Wuppertal</subfield>
  </datafield>
  <datafield tag="MBD" ind1=" " ind2=" ">
    <subfield code="M">49HBZ_BRS</subfield>
    <subfield code="i">991005694363106452</subfield>
    <subfield code="n">Hochschule Bonn-Rhein-Sieg</subfield>
  </datafield>
  <datafield tag="MBD" ind1=" " ind2=" ">
    <subfield code="M">49HBZ_HSD</subfield>
    <subfield code="i">991005616396106455</subfield>
    <subfield code="n">Hochschule Duesseldorf</subfield>
  </datafield>
  <datafield tag="MBD" ind1=" " ind2=" ">
    <subfield code="M">49HBZ_HHL</subfield>
    <subfield code="i">991001196630906482</subfield>
    <subfield code="n">Hochschule Hamm-Lippstadt</subfield>
  </datafield>
  <datafield tag="MBD" ind1=" " ind2=" ">
    <subfield code="M">49HBZ_HSK</subfield>
    <subfield code="i">991002625849308978</subfield>
    <subfield code="n">Hochschule Koblenz - RheinAhrCampus</subfield>
  </datafield>
  <datafield tag="MBD" ind1=" " ind2=" ">
    <subfield code="M">49HBZ_HSL</subfield>
    <subfield code="i">991002071459608976</subfield>
    <subfield code="n">Hochschule Ludwigshafen - DLR Rheinpfalz</subfield>
  </datafield>
  <datafield tag="MBD" ind1=" " ind2=" ">
    <subfield code="M">49HBZ_HSN</subfield>
    <subfield code="i">991008985733308056</subfield>
    <subfield code="n">Hochschule Niederrhein</subfield>
  </datafield>
  <datafield tag="MBD" ind1=" " ind2=" ">
    <subfield code="M">49HBZ_OWL</subfield>
    <subfield code="i">991004336956206468</subfield>
    <subfield code="n">Hochschule Ostwestfalen-Lippe</subfield>
  </datafield>
  <datafield tag="MBD" ind1=" " ind2=" ">
    <subfield code="M">49HBZ_RHW</subfield>
    <subfield code="i">991002747000606479</subfield>
    <subfield code="n">Hochschule Rhein-Waal</subfield>
  </datafield>
  <datafield tag="MBD" ind1=" " ind2=" ">
    <subfield code="M">49HBZ_EVH</subfield>
    <subfield code="i">991001318366806483</subfield>
    <subfield code="n">Hochschule Rheinland-Westfalen-Lippe</subfield>
  </datafield>
  <datafield tag="MBD" ind1=" " ind2=" ">
    <subfield code="M">49HBZ_RUW</subfield>
    <subfield code="i">991004113651406453</subfield>
    <subfield code="n">Hochschule Ruhr West</subfield>
  </datafield>
  <datafield tag="MBD" ind1=" " ind2=" ">
    <subfield code="M">49HBZ_ZBS</subfield>
    <subfield code="i">998473375506478</subfield>
    <subfield code="n">Deutsche Sporthochschule Köln</subfield>
  </datafield>
  <datafield tag="MBD" ind1=" " ind2=" ">
    <subfield code="M">49HBZ_HSW</subfield>
    <subfield code="i">991000809591508977</subfield>
    <subfield code="n">Hochschule Worms</subfield>
  </datafield>
  <datafield tag="MBD" ind1=" " ind2=" ">
    <subfield code="M">49HBZ_HGB</subfield>
    <subfield code="i">991000892552206481</subfield>
    <subfield code="n">Hochschule fur Gesundheit</subfield>
  </datafield>
  <datafield tag="MBD" ind1=" " ind2=" ">
    <subfield code="M">49HBZ_KHO</subfield>
    <subfield code="i">991007152283806474</subfield>
    <subfield code="n">Katholische Hochschule Nordrhein-Westfalen</subfield>
  </datafield>
  <datafield tag="MBD" ind1=" " ind2=" ">
    <subfield code="M">49HBZ_LBZ</subfield>
    <subfield code="i">991019788355808973</subfield>
    <subfield code="n">Landesbibliothekszentrum RLP (LBZ)</subfield>
  </datafield>
  <datafield tag="MBD" ind1=" " ind2=" ">
    <subfield code="M">49HBZ_RTU</subfield>
    <subfield code="i">992022011790207476</subfield>
    <subfield code="n">RPTU Kaiserslautern-Landau</subfield>
  </datafield>
  <datafield tag="MBD" ind1=" " ind2=" ">
    <subfield code="M">49HBZ_UBA</subfield>
    <subfield code="i">991025969618906448</subfield>
    <subfield code="n">RWTH Aachen</subfield>
  </datafield>
  <datafield tag="MBD" ind1=" " ind2=" ">
    <subfield code="M">49HBZ_THK</subfield>
    <subfield code="i">991008474741006477</subfield>
    <subfield code="n">Technische Hochschule Köln (TH Köln)</subfield>
  </datafield>
  <datafield tag="MBD" ind1=" " ind2=" ">
    <subfield code="M">49HBZ_UBD</subfield>
    <subfield code="i">991013480857706445</subfield>
    <subfield code="n">Technische Universität Dortmund</subfield>
  </datafield>
  <datafield tag="MBD" ind1=" " ind2=" ">
    <subfield code="M">49HBZ_UBT</subfield>
    <subfield code="i">9927781571606470</subfield>
    <subfield code="n">UB Trier</subfield>
  </datafield>
  <datafield tag="MBD" ind1=" " ind2=" ">
    <subfield code="M">49HBZ_ULB</subfield>
    <subfield code="i">991045178361706467</subfield>
    <subfield code="n">Universitaet Bonn</subfield>
  </datafield>
  <datafield tag="MBD" ind1=" " ind2=" ">
    <subfield code="M">49HBZ_FHM</subfield>
    <subfield code="i">991006385611006485</subfield>
    <subfield code="n">FH / KA Münster</subfield>
  </datafield>
  <datafield tag="MBD" ind1=" " ind2=" ">
    <subfield code="M">49HBZ_BIE</subfield>
    <subfield code="i">991025805805706442</subfield>
    <subfield code="n">Universität Bielefeld</subfield>
  </datafield>
  <datafield tag="MBD" ind1=" " ind2=" ">
    <subfield code="M">49HBZ_UBO</subfield>
    <subfield code="i">991027804877306471</subfield>
    <subfield code="n">Universität Bochum</subfield>
  </datafield>
  <datafield tag="MBD" ind1=" " ind2=" ">
    <subfield code="M">49HBZ_UDE</subfield>
    <subfield code="i">99206348121606446</subfield>
    <subfield code="n">Universität Duisburg-Essen</subfield>
  </datafield>
  <datafield tag="MBD" ind1=" " ind2=" ">
    <subfield code="M">49HBZ_DUE</subfield>
    <subfield code="i">9947406180806443</subfield>
    <subfield code="n">Universität Düsseldorf</subfield>
  </datafield>
  <datafield tag="MBD" ind1=" " ind2=" ">
    <subfield code="M">49HBZ_UKO</subfield>
    <subfield code="i">9910061632508057</subfield>
    <subfield code="n">Universität Koblenz</subfield>
  </datafield>
  <datafield tag="MBD" ind1=" " ind2=" ">
    <subfield code="M">49HBZ_UBK</subfield>
    <subfield code="i">991055601630006476</subfield>
    <subfield code="n">Universität Köln</subfield>
  </datafield>
  <datafield tag="MBD" ind1=" " ind2=" ">
    <subfield code="M">49HBZ_ULM</subfield>
    <subfield code="i">991044842597506449</subfield>
    <subfield code="n">Universität Münster</subfield>
  </datafield>
  <datafield tag="MBD" ind1=" " ind2=" ">
    <subfield code="M">49HBZ_SIE</subfield>
    <subfield code="i">99204508488006462</subfield>
    <subfield code="n">Universität Siegen</subfield>
  </datafield>
  <datafield tag="MBD" ind1=" " ind2=" ">
    <subfield code="M">49HBZ_PAD</subfield>
    <subfield code="i">9925015214106463</subfield>
    <subfield code="n">Universitätsbibliothek Paderborn</subfield>
  </datafield>
  <datafield tag="MBD" ind1=" " ind2=" ">
    <subfield code="M">49HBZ_WHS</subfield>
    <subfield code="i">991006477316506456</subfield>
    <subfield code="n">Westfälische Hochschule</subfield>
  </datafield>
  <datafield tag="MBD" ind1=" " ind2=" ">
    <subfield code="M">49HBZ_FDO</subfield>
    <subfield code="i">991004930053506451</subfield>
    <subfield code="n">Fachhochschule Dortmund</subfield>
  </datafield>
  <datafield tag="MBD" ind1=" " ind2=" ">
    <subfield code="M">49HBZ_ZBM</subfield>
    <subfield code="i">991013864223206472</subfield>
    <subfield code="n">ZB MED</subfield>
  </datafield>
  <datafield tag="MBD" ind1=" " ind2=" ">
    <subfield code="M">49HBZ_FSW</subfield>
    <subfield code="i">9916217446006461</subfield>
    <subfield code="n">Fachhochschule Südwestfalen</subfield>
  </datafield>
  <datafield tag="MBD" ind1=" " ind2=" ">
    <subfield code="M">49HBZ_FUH</subfield>
    <subfield code="i">99381827973706464</subfield>
    <subfield code="n">Fernuniversität Hagen</subfield>
  </datafield>
  <datafield tag="MBD" ind1=" " ind2=" ">
    <subfield code="M">49HBZ_FHA</subfield>
    <subfield code="i">991005821033406444</subfield>
    <subfield code="n">Hochschulbibliothek der FH Aachen</subfield>
  </datafield>
  <datafield tag="MBD" ind1=" " ind2=" ">
    <subfield code="M">49HBZ_HBI</subfield>
    <subfield code="i">991005479312606450</subfield>
    <subfield code="n">Hochschule Bielefeld</subfield>
  </datafield>
  <datafield tag="MBD" ind1=" " ind2=" ">
    <subfield code="M">49HBZ_HBO</subfield>
    <subfield code="i">991000412732106454</subfield>
    <subfield code="n">Hochschule Bochum</subfield>
  </datafield>
  <datafield tag="MNG" ind1=" " ind2=" ">
    <subfield code="c">system</subfield>
    <subfield code="f">CKB</subfield>
    <subfield code="i">marc21</subfield>
    <subfield code="l">92</subfield>
    <subfield code="e">false</subfield>
    <subfield code="d">2024-09-21 04:31:50 Europe/Berlin</subfield>
    <subfield code="g">99954921358425</subfield>
    <subfield code="a">CKB</subfield>
    <subfield code="b">2021-04-15 19:39:13 Europe/Berlin</subfield>
  </datafield>
  <datafield tag="POR" ind1=" " ind2=" ">
    <subfield code="j">EBSCOhost</subfield>
    <subfield code="x">System</subfield>
    <subfield code="a">53163588660006447</subfield>
    <subfield code="M">49HBZ_WUP</subfield>
    <subfield code="p">61162723430006447</subfield>
    <subfield code="q">EBSCOhost Business Source Complete</subfield>
    <subfield code="c">param</subfield>
    <subfield code="o">611000000000000630</subfield>
    <subfield code="y">2024-03-07 16:30:59 Europe/Berlin</subfield>
    <subfield code="w">2022-01-07 09:47:33 Europe/Berlin</subfield>
    <subfield code="D">https://eu04.alma.exlibrisgroup.com/view/uresolver/49HBZ_NETWORK/openurl?u.ignore_date_coverage=true&amp;portfolio_pid=53163588660006447&amp;Force_direct=true</subfield>
    <subfield code="v">System</subfield>
    <subfield code="z">2022-01-07 08:47:33</subfield>
    <subfield code="n"> Available from 01/02/1997. Most recent 1 year(s) 6 month(s) not available.</subfield>
    <subfield code="i">false</subfield>
    <subfield code="S">62162723420006447</subfield>
    <subfield code="d">https://hbz-network.userservices.exlibrisgroup.com/view/uresolver/49HBZ_NETWORK/openurl?u.ignore_date_coverage=true&amp;rft.mms_id=9915969960106447</subfield>
    <subfield code="b">Not Available</subfield>
    <subfield code="f">JOURNAL</subfield>
    <subfield code="8">53163588660006447</subfield>
  </datafield>
  <datafield tag="POC" ind1=" " ind2=" ">
    <subfield code="a">53163588660006447</subfield>
    <subfield code="b">1997</subfield>
    <subfield code="d">2</subfield>
    <subfield code="f">1</subfield>
  </datafield>
  <datafield tag="POE" ind1=" " ind2=" ">
    <subfield code="a">53163588660006447</subfield>
    <subfield code="b">&gt;=</subfield>
    <subfield code="c">1</subfield>
    <subfield code="d">6</subfield>
  </datafield>
  <datafield tag="POR" ind1=" " ind2=" ">
    <subfield code="j">Taylor and Francis Online</subfield>
    <subfield code="x">System</subfield>
    <subfield code="a">53157753870006447</subfield>
    <subfield code="M">49HBZ_WUP</subfield>
    <subfield code="p">61156593750006447</subfield>
    <subfield code="q">EZB-NALII-00478 Taylor and Francis Archive NL</subfield>
    <subfield code="c">param</subfield>
    <subfield code="o">613790000000000576</subfield>
    <subfield code="y">2021-04-11 18:49:36 Europe/Berlin</subfield>
    <subfield code="w">2021-04-11 18:49:30 Europe/Berlin</subfield>
    <subfield code="D">https://eu04.alma.exlibrisgroup.com/view/uresolver/49HBZ_NETWORK/openurl?u.ignore_date_coverage=true&amp;portfolio_pid=53157753870006447&amp;Force_direct=true</subfield>
    <subfield code="v">NON_SFX_CREATOR</subfield>
    <subfield code="z">2021-04-11 16:49:30</subfield>
    <subfield code="n"> Available from 1967 volume: 1 until 2000 volume: 34.</subfield>
    <subfield code="i">false</subfield>
    <subfield code="S">62156593740006447</subfield>
    <subfield code="d">https://hbz-network.userservices.exlibrisgroup.com/view/uresolver/49HBZ_NETWORK/openurl?u.ignore_date_coverage=true&amp;rft.mms_id=9915969960106447</subfield>
    <subfield code="b">Available</subfield>
    <subfield code="f">JOURNAL</subfield>
    <subfield code="8">53157753870006447</subfield>
  </datafield>
  <datafield tag="POC" ind1=" " ind2=" ">
    <subfield code="a">53157753870006447</subfield>
    <subfield code="b">1967</subfield>
    <subfield code="c">2000</subfield>
    <subfield code="d">1</subfield>
    <subfield code="e">12</subfield>
    <subfield code="f">1</subfield>
    <subfield code="g">31</subfield>
    <subfield code="h">1</subfield>
    <subfield code="i">34</subfield>
  </datafield>
  <datafield tag="POR" ind1=" " ind2=" ">
    <subfield code="j">EBSCOhost</subfield>
    <subfield code="x">System</subfield>
    <subfield code="a">53179922430006447</subfield>
    <subfield code="M">49HBZ_WUP</subfield>
    <subfield code="p">61179647370006447</subfield>
    <subfield code="q">EBSCOhost Business Source Ultimate</subfield>
    <subfield code="c">param</subfield>
    <subfield code="o">613860000000000650</subfield>
    <subfield code="y">2024-02-29 15:42:53 Europe/Berlin</subfield>
    <subfield code="w">2024-02-29 15:42:53 Europe/Berlin</subfield>
    <subfield code="D">https://eu04.alma.exlibrisgroup.com/view/uresolver/49HBZ_NETWORK/openurl?u.ignore_date_coverage=true&amp;portfolio_pid=53179922430006447&amp;Force_direct=true</subfield>
    <subfield code="v">System</subfield>
    <subfield code="z">2024-02-29 14:42:53</subfield>
    <subfield code="n"> Available from 01/02/1997. Most recent 1 year(s) 6 month(s) not available.</subfield>
    <subfield code="i">false</subfield>
    <subfield code="S">62179647360006447</subfield>
    <subfield code="d">https://hbz-network.userservices.exlibrisgroup.com/view/uresolver/49HBZ_NETWORK/openurl?u.ignore_date_coverage=true&amp;rft.mms_id=9915969960106447</subfield>
    <subfield code="b">Available</subfield>
    <subfield code="f">JOURNAL</subfield>
    <subfield code="8">53179922430006447</subfield>
  </datafield>
  <datafield tag="POC" ind1=" " ind2=" ">
    <subfield code="a">53179922430006447</subfield>
    <subfield code="b">1997</subfield>
    <subfield code="d">2</subfield>
    <subfield code="f">1</subfield>
  </datafield>
  <datafield tag="POE" ind1=" " ind2=" ">
    <subfield code="a">53179922430006447</subfield>
    <subfield code="b">&gt;=</subfield>
    <subfield code="c">1</subfield>
    <subfield code="d">6</subfield>
  </datafield>
  <datafield tag="POR" ind1=" " ind2=" ">
    <subfield code="j">Taylor and Francis Online</subfield>
    <subfield code="x">System</subfield>
    <subfield code="a">5328797770006478</subfield>
    <subfield code="M">49HBZ_ZBS</subfield>
    <subfield code="p">6127055700006478</subfield>
    <subfield code="q">EZB-NALII-00478 Taylor and Francis Archive NL</subfield>
    <subfield code="c">param</subfield>
    <subfield code="o">613790000000000576</subfield>
    <subfield code="y">2023-08-14 14:17:18 Europe/Berlin</subfield>
    <subfield code="w">2023-08-14 14:16:59 Europe/Berlin</subfield>
    <subfield code="D">https://eu04.alma.exlibrisgroup.com/view/uresolver/49HBZ_NETWORK/openurl?u.ignore_date_coverage=true&amp;portfolio_pid=5328797770006478&amp;Force_direct=true</subfield>
    <subfield code="v">NON_SFX_CREATOR</subfield>
    <subfield code="z">2023-08-14 12:16:59</subfield>
    <subfield code="n"> Available from 1967 volume: 1 until 2000 volume: 34.</subfield>
    <subfield code="i">false</subfield>
    <subfield code="S">6227055690006478</subfield>
    <subfield code="d">https://hbz-network.userservices.exlibrisgroup.com/view/uresolver/49HBZ_NETWORK/openurl?u.ignore_date_coverage=true&amp;rft.mms_id=998473375506478</subfield>
    <subfield code="b">Available</subfield>
    <subfield code="f">JOURNAL</subfield>
    <subfield code="8">5328797770006478</subfield>
  </datafield>
  <datafield tag="POC" ind1=" " ind2=" ">
    <subfield code="a">5328797770006478</subfield>
    <subfield code="b">1967</subfield>
    <subfield code="c">2000</subfield>
    <subfield code="d">1</subfield>
    <subfield code="e">12</subfield>
    <subfield code="f">1</subfield>
    <subfield code="g">31</subfield>
    <subfield code="h">1</subfield>
    <subfield code="i">34</subfield>
  </datafield>
  <datafield tag="POR" ind1=" " ind2=" ">
    <subfield code="j">Taylor and Francis Online</subfield>
    <subfield code="x">System</subfield>
    <subfield code="a">5358785830006485</subfield>
    <subfield code="h">DEFAULT</subfield>
    <subfield code="M">49HBZ_FHM</subfield>
    <subfield code="p">6158658860006485</subfield>
    <subfield code="q">Taylor &amp; Francis Social Science &amp; Humanities with Science &amp; Technology</subfield>
    <subfield code="c">param</subfield>
    <subfield code="o">611000000000002358</subfield>
    <subfield code="y">2023-09-01 00:04:06 Europe/Berlin</subfield>
    <subfield code="w">2023-08-30 16:55:40 Europe/Berlin</subfield>
    <subfield code="D">https://eu04.alma.exlibrisgroup.com/view/uresolver/49HBZ_NETWORK/openurl?u.ignore_date_coverage=true&amp;portfolio_pid=5358785830006485&amp;Force_direct=true</subfield>
    <subfield code="v">System</subfield>
    <subfield code="z">2023-08-30 14:55:40</subfield>
    <subfield code="n"> Available from 01/04/1995 volume: 29 issue: 1.</subfield>
    <subfield code="i">true</subfield>
    <subfield code="t">POL-2023-6942</subfield>
    <subfield code="S">6258658850006485</subfield>
    <subfield code="d">https://hbz-network.userservices.exlibrisgroup.com/view/uresolver/49HBZ_NETWORK/openurl?u.ignore_date_coverage=true&amp;rft.mms_id=991006385611006485</subfield>
    <subfield code="b">Available</subfield>
    <subfield code="f">JOURNAL</subfield>
    <subfield code="8">5358785830006485</subfield>
  </datafield>
  <datafield tag="POC" ind1=" " ind2=" ">
    <subfield code="a">5358785830006485</subfield>
    <subfield code="b">1995</subfield>
    <subfield code="d">4</subfield>
    <subfield code="f">1</subfield>
    <subfield code="h">29</subfield>
    <subfield code="j">1</subfield>
  </datafield>
  <datafield tag="POR" ind1=" " ind2=" ">
    <subfield code="j">Taylor and Francis Online</subfield>
    <subfield code="x">System</subfield>
    <subfield code="a">5335931460006485</subfield>
    <subfield code="h">fhms-ez</subfield>
    <subfield code="M">49HBZ_FHM</subfield>
    <subfield code="p">6135703280006485</subfield>
    <subfield code="q">EZB-NALII-00478 Taylor and Francis Archive NL</subfield>
    <subfield code="c">param</subfield>
    <subfield code="o">613790000000000576</subfield>
    <subfield code="y">2022-06-27 13:53:56 Europe/Berlin</subfield>
    <subfield code="w">2022-06-27 13:53:49 Europe/Berlin</subfield>
    <subfield code="D">https://eu04.alma.exlibrisgroup.com/view/uresolver/49HBZ_NETWORK/openurl?u.ignore_date_coverage=true&amp;portfolio_pid=5335931460006485&amp;Force_direct=true</subfield>
    <subfield code="v">NON_SFX_CREATOR</subfield>
    <subfield code="z">2022-06-27 11:53:49</subfield>
    <subfield code="n"> Available from 1967 volume: 1 until 2000 volume: 34.</subfield>
    <subfield code="i">true</subfield>
    <subfield code="S">6235703270006485</subfield>
    <subfield code="d">https://hbz-network.userservices.exlibrisgroup.com/view/uresolver/49HBZ_NETWORK/openurl?u.ignore_date_coverage=true&amp;rft.mms_id=991006385611006485</subfield>
    <subfield code="b">Available</subfield>
    <subfield code="f">JOURNAL</subfield>
    <subfield code="8">5335931460006485</subfield>
  </datafield>
  <datafield tag="POC" ind1=" " ind2=" ">
    <subfield code="a">5335931460006485</subfield>
    <subfield code="b">1967</subfield>
    <subfield code="c">2000</subfield>
    <subfield code="d">1</subfield>
    <subfield code="e">12</subfield>
    <subfield code="f">1</subfield>
    <subfield code="g">31</subfield>
    <subfield code="h">1</subfield>
    <subfield code="i">34</subfield>
  </datafield>
  <datafield tag="POR" ind1=" " ind2=" ">
    <subfield code="j">EBSCOhost</subfield>
    <subfield code="x">System</subfield>
    <subfield code="a">5338436110006485</subfield>
    <subfield code="h">fhms-ez</subfield>
    <subfield code="M">49HBZ_FHM</subfield>
    <subfield code="p">6136300130006485</subfield>
    <subfield code="q">EBSCOhost Business Source Ultimate</subfield>
    <subfield code="c">param</subfield>
    <subfield code="o">613860000000000650</subfield>
    <subfield code="y">2022-06-27 14:40:00 Europe/Berlin</subfield>
    <subfield code="w">2022-06-27 14:39:55 Europe/Berlin</subfield>
    <subfield code="D">https://eu04.alma.exlibrisgroup.com/view/uresolver/49HBZ_NETWORK/openurl?u.ignore_date_coverage=true&amp;portfolio_pid=5338436110006485&amp;Force_direct=true</subfield>
    <subfield code="v">NON_SFX_CREATOR</subfield>
    <subfield code="z">2022-06-27 12:39:55</subfield>
    <subfield code="n"> Available from 01/02/1997. Most recent 1 year(s) 6 month(s) not available.</subfield>
    <subfield code="i">true</subfield>
    <subfield code="t">POL-2023-4774</subfield>
    <subfield code="S">6236300120006485</subfield>
    <subfield code="d">https://hbz-network.userservices.exlibrisgroup.com/view/uresolver/49HBZ_NETWORK/openurl?u.ignore_date_coverage=true&amp;rft.mms_id=991006385611006485</subfield>
    <subfield code="b">Available</subfield>
    <subfield code="f">JOURNAL</subfield>
    <subfield code="8">5338436110006485</subfield>
  </datafield>
  <datafield tag="POC" ind1=" " ind2=" ">
    <subfield code="a">5338436110006485</subfield>
    <subfield code="b">1997</subfield>
    <subfield code="d">2</subfield>
    <subfield code="f">1</subfield>
  </datafield>
  <datafield tag="POE" ind1=" " ind2=" ">
    <subfield code="a">5338436110006485</subfield>
    <subfield code="b">&gt;=</subfield>
    <subfield code="c">1</subfield>
    <subfield code="d">6</subfield>
  </datafield>
  <datafield tag="POR" ind1=" " ind2=" ">
    <subfield code="j">Taylor and Francis Online</subfield>
    <subfield code="x">System</subfield>
    <subfield code="a">5364010450006451</subfield>
    <subfield code="M">49HBZ_FDO</subfield>
    <subfield code="p">6163862110006451</subfield>
    <subfield code="q">EZB-TANDF-00219 Taylor &amp; Francis SSH</subfield>
    <subfield code="c">param</subfield>
    <subfield code="o">615490000000001244</subfield>
    <subfield code="y">2024-10-29 09:41:41 Europe/Berlin</subfield>
    <subfield code="w">2024-10-29 09:41:41 Europe/Berlin</subfield>
    <subfield code="D">https://eu04.alma.exlibrisgroup.com/view/uresolver/49HBZ_NETWORK/openurl?u.ignore_date_coverage=true&amp;portfolio_pid=5364010450006451&amp;Force_direct=true</subfield>
    <subfield code="v">System</subfield>
    <subfield code="z">2024-10-29 08:41:41</subfield>
    <subfield code="n"> Available from 1995 volume: 29 issue: 1.</subfield>
    <subfield code="i">false</subfield>
    <subfield code="S">6263862100006451</subfield>
    <subfield code="d">https://hbz-network.userservices.exlibrisgroup.com/view/uresolver/49HBZ_NETWORK/openurl?u.ignore_date_coverage=true&amp;rft.mms_id=991004930053506451</subfield>
    <subfield code="b">Available</subfield>
    <subfield code="f">JOURNAL</subfield>
    <subfield code="8">5364010450006451</subfield>
  </datafield>
  <datafield tag="POC" ind1=" " ind2=" ">
    <subfield code="a">5364010450006451</subfield>
    <subfield code="b">1995</subfield>
    <subfield code="d">1</subfield>
    <subfield code="f">1</subfield>
    <subfield code="h">29</subfield>
    <subfield code="j">1</subfield>
  </datafield>
  <datafield tag="POR" ind1=" " ind2=" ">
    <subfield code="j">EBSCOhost</subfield>
    <subfield code="x">System</subfield>
    <subfield code="a">5348411850006451</subfield>
    <subfield code="M">49HBZ_FDO</subfield>
    <subfield code="p">6147761350006451</subfield>
    <subfield code="q">EBSCOhost Business Source Premier</subfield>
    <subfield code="c">param</subfield>
    <subfield code="o">61110975593244095</subfield>
    <subfield code="y">2022-07-19 18:12:00 Europe/Berlin</subfield>
    <subfield code="w">2022-07-19 18:11:54 Europe/Berlin</subfield>
    <subfield code="D">https://eu04.alma.exlibrisgroup.com/view/uresolver/49HBZ_NETWORK/openurl?u.ignore_date_coverage=true&amp;portfolio_pid=5348411850006451&amp;Force_direct=true</subfield>
    <subfield code="v">NON_SFX_CREATOR</subfield>
    <subfield code="z">2022-07-19 16:11:54</subfield>
    <subfield code="n"> Available from 01/02/1997. Most recent 1 year(s) 6 month(s) not available.</subfield>
    <subfield code="i">false</subfield>
    <subfield code="S">6247761340006451</subfield>
    <subfield code="d">https://hbz-network.userservices.exlibrisgroup.com/view/uresolver/49HBZ_NETWORK/openurl?u.ignore_date_coverage=true&amp;rft.mms_id=991004930053506451</subfield>
    <subfield code="b">Available</subfield>
    <subfield code="f">JOURNAL</subfield>
    <subfield code="8">5348411850006451</subfield>
  </datafield>
  <datafield tag="POC" ind1=" " ind2=" ">
    <subfield code="a">5348411850006451</subfield>
    <subfield code="b">1997</subfield>
    <subfield code="d">2</subfield>
    <subfield code="f">1</subfield>
  </datafield>
  <datafield tag="POE" ind1=" " ind2=" ">
    <subfield code="a">5348411850006451</subfield>
    <subfield code="b">&gt;=</subfield>
    <subfield code="c">1</subfield>
    <subfield code="d">6</subfield>
  </datafield>
  <datafield tag="POR" ind1=" " ind2=" ">
    <subfield code="j">EBSCOhost</subfield>
    <subfield code="x">System</subfield>
    <subfield code="a">5381468400006461</subfield>
    <subfield code="h">DEFAULT</subfield>
    <subfield code="M">49HBZ_FSW</subfield>
    <subfield code="k">Online-Zugriff: 
- Off-Campus-Zugang
- Shibboleth</subfield>
    <subfield code="p">6179966610006461</subfield>
    <subfield code="r">ebscohost_bsu</subfield>
    <subfield code="q">EBSCOhost Business Source Ultimate</subfield>
    <subfield code="c">param</subfield>
    <subfield code="o">613860000000000650</subfield>
    <subfield code="y">2022-06-21 08:07:09 Europe/Berlin</subfield>
    <subfield code="w">2022-06-21 08:07:03 Europe/Berlin</subfield>
    <subfield code="D">https://eu04.alma.exlibrisgroup.com/view/uresolver/49HBZ_NETWORK/openurl?u.ignore_date_coverage=true&amp;portfolio_pid=5381468400006461&amp;Force_direct=true</subfield>
    <subfield code="s">EBSCOhost Business Source Ultimate </subfield>
    <subfield code="v">NON_SFX_CREATOR</subfield>
    <subfield code="z">2022-06-21 06:07:03</subfield>
    <subfield code="n"> Available from 01/02/1997. Most recent 1 year(s) 6 month(s) not available.</subfield>
    <subfield code="i">true</subfield>
    <subfield code="t">Bestellposten-2022-2103</subfield>
    <subfield code="S">6279966600006461</subfield>
    <subfield code="d">https://hbz-network.userservices.exlibrisgroup.com/view/uresolver/49HBZ_NETWORK/openurl?u.ignore_date_coverage=true&amp;rft.mms_id=9916217446006461</subfield>
    <subfield code="b">Available</subfield>
    <subfield code="f">JOURNAL</subfield>
    <subfield code="8">5381468400006461</subfield>
  </datafield>
  <datafield tag="POC" ind1=" " ind2=" ">
    <subfield code="a">5381468400006461</subfield>
    <subfield code="b">1997</subfield>
    <subfield code="d">2</subfield>
    <subfield code="f">1</subfield>
  </datafield>
  <datafield tag="POE" ind1=" " ind2=" ">
    <subfield code="a">5381468400006461</subfield>
    <subfield code="b">&gt;=</subfield>
    <subfield code="c">1</subfield>
    <subfield code="d">6</subfield>
  </datafield>
  <datafield tag="POR" ind1=" " ind2=" ">
    <subfield code="j">Taylor and Francis Online</subfield>
    <subfield code="x">System</subfield>
    <subfield code="a">53156814500006464</subfield>
    <subfield code="h">DEFAULT</subfield>
    <subfield code="M">49HBZ_FUH</subfield>
    <subfield code="p">61155152480006464</subfield>
    <subfield code="q">EZB-TANDF-00219 Taylor &amp; Francis SSH</subfield>
    <subfield code="c">param</subfield>
    <subfield code="o">615490000000001244</subfield>
    <subfield code="y">2024-01-04 11:03:42 Europe/Berlin</subfield>
    <subfield code="w">2024-01-04 11:02:32 Europe/Berlin</subfield>
    <subfield code="D">https://eu04.alma.exlibrisgroup.com/view/uresolver/49HBZ_NETWORK/openurl?u.ignore_date_coverage=true&amp;portfolio_pid=53156814500006464&amp;Force_direct=true</subfield>
    <subfield code="v">System</subfield>
    <subfield code="z">2024-01-04 10:02:32</subfield>
    <subfield code="n"> Available from 1995 volume: 29 issue: 1.</subfield>
    <subfield code="i">true</subfield>
    <subfield code="g">F0001</subfield>
    <subfield code="t">POL-4932</subfield>
    <subfield code="S">62156764320006464</subfield>
    <subfield code="d">https://hbz-network.userservices.exlibrisgroup.com/view/uresolver/49HBZ_NETWORK/openurl?u.ignore_date_coverage=true&amp;rft.mms_id=99381827973706464</subfield>
    <subfield code="b">Available</subfield>
    <subfield code="f">JOURNAL</subfield>
    <subfield code="8">53156814500006464</subfield>
  </datafield>
  <datafield tag="POC" ind1=" " ind2=" ">
    <subfield code="a">53156814500006464</subfield>
    <subfield code="b">1995</subfield>
    <subfield code="d">1</subfield>
    <subfield code="f">1</subfield>
    <subfield code="h">29</subfield>
    <subfield code="j">1</subfield>
  </datafield>
  <datafield tag="POR" ind1=" " ind2=" ">
    <subfield code="j">Taylor and Francis Online</subfield>
    <subfield code="x">System</subfield>
    <subfield code="a">53158259010006464</subfield>
    <subfield code="h">DEFAULT</subfield>
    <subfield code="M">49HBZ_FUH</subfield>
    <subfield code="p">61158192150006464</subfield>
    <subfield code="q">Taylor &amp; Francis Current Content Access</subfield>
    <subfield code="c">param</subfield>
    <subfield code="o">611000000000002216</subfield>
    <subfield code="y">2024-02-20 14:40:56 Europe/Berlin</subfield>
    <subfield code="w">2024-02-20 14:40:40 Europe/Berlin</subfield>
    <subfield code="D">https://eu04.alma.exlibrisgroup.com/view/uresolver/49HBZ_NETWORK/openurl?u.ignore_date_coverage=true&amp;portfolio_pid=53158259010006464&amp;Force_direct=true</subfield>
    <subfield code="v">System</subfield>
    <subfield code="z">2024-02-20 13:40:40</subfield>
    <subfield code="n"> Available from 14/04/1995 volume: 29 issue: 1. Available from 01/05/1967 volume: 1 issue: 1 until 01/12/2000 volume: 34 issue: 9.</subfield>
    <subfield code="i">true</subfield>
    <subfield code="S">62158192140006464</subfield>
    <subfield code="d">https://hbz-network.userservices.exlibrisgroup.com/view/uresolver/49HBZ_NETWORK/openurl?u.ignore_date_coverage=true&amp;rft.mms_id=99381827973706464</subfield>
    <subfield code="b">Available</subfield>
    <subfield code="f">JOURNAL</subfield>
    <subfield code="8">53158259010006464</subfield>
  </datafield>
  <datafield tag="POC" ind1=" " ind2=" ">
    <subfield code="a">53158259010006464</subfield>
    <subfield code="b">1995</subfield>
    <subfield code="d">04</subfield>
    <subfield code="f">14</subfield>
    <subfield code="h">29</subfield>
    <subfield code="j">1</subfield>
  </datafield>
  <datafield tag="POC" ind1=" " ind2=" ">
    <subfield code="a">53158259010006464</subfield>
    <subfield code="b">1967</subfield>
    <subfield code="c">2000</subfield>
    <subfield code="d">05</subfield>
    <subfield code="e">12</subfield>
    <subfield code="f">01</subfield>
    <subfield code="g">01</subfield>
    <subfield code="h">1</subfield>
    <subfield code="i">34</subfield>
    <subfield code="j">1</subfield>
    <subfield code="k">9</subfield>
  </datafield>
  <datafield tag="POR" ind1=" " ind2=" ">
    <subfield code="j">ProQuest</subfield>
    <subfield code="x">System</subfield>
    <subfield code="a">53141816900006464</subfield>
    <subfield code="h">EZProxy</subfield>
    <subfield code="M">49HBZ_FUH</subfield>
    <subfield code="p">61136607180006464</subfield>
    <subfield code="q">ABI/INFORM Collection</subfield>
    <subfield code="c">param</subfield>
    <subfield code="o">612550000000000007</subfield>
    <subfield code="y">2024-07-31 07:19:26 Europe/Berlin</subfield>
    <subfield code="w">2022-07-05 10:32:33 Europe/Berlin</subfield>
    <subfield code="D">https://eu04.alma.exlibrisgroup.com/view/uresolver/49HBZ_NETWORK/openurl?u.ignore_date_coverage=true&amp;portfolio_pid=53141816900006464&amp;Force_direct=true</subfield>
    <subfield code="v">NON_SFX_CREATOR</subfield>
    <subfield code="z">2022-07-05 08:32:33</subfield>
    <subfield code="n"> Available from 01/06/1997 volume: 31 issue: 4 until 30/11/2000 volume: 34 issue: 8.</subfield>
    <subfield code="i">false</subfield>
    <subfield code="S">62136607170006464</subfield>
    <subfield code="d">https://hbz-network.userservices.exlibrisgroup.com/view/uresolver/49HBZ_NETWORK/openurl?u.ignore_date_coverage=true&amp;rft.mms_id=99381827973706464</subfield>
    <subfield code="b">Available</subfield>
    <subfield code="f">JOURNAL</subfield>
    <subfield code="8">53141816900006464</subfield>
  </datafield>
  <datafield tag="POC" ind1=" " ind2=" ">
    <subfield code="a">53141816900006464</subfield>
    <subfield code="b">1997</subfield>
    <subfield code="c">2000</subfield>
    <subfield code="d">6</subfield>
    <subfield code="e">11</subfield>
    <subfield code="f">1</subfield>
    <subfield code="g">30</subfield>
    <subfield code="h">31</subfield>
    <subfield code="i">34</subfield>
    <subfield code="j">4</subfield>
    <subfield code="k">8</subfield>
  </datafield>
  <datafield tag="POR" ind1=" " ind2=" ">
    <subfield code="j">EBSCOhost</subfield>
    <subfield code="x">System</subfield>
    <subfield code="a">53141096260006464</subfield>
    <subfield code="h">DEFAULT</subfield>
    <subfield code="M">49HBZ_FUH</subfield>
    <subfield code="p">61136607030006464</subfield>
    <subfield code="q">EBSCOhost Econlit with Full Text</subfield>
    <subfield code="c">param</subfield>
    <subfield code="o">611000000000001504</subfield>
    <subfield code="y">2022-07-05 10:29:49 Europe/Berlin</subfield>
    <subfield code="w">2022-07-05 10:29:43 Europe/Berlin</subfield>
    <subfield code="D">https://eu04.alma.exlibrisgroup.com/view/uresolver/49HBZ_NETWORK/openurl?u.ignore_date_coverage=true&amp;portfolio_pid=53141096260006464&amp;Force_direct=true</subfield>
    <subfield code="v">NON_SFX_CREATOR</subfield>
    <subfield code="z">2022-07-05 08:29:43</subfield>
    <subfield code="n"> Available from 01/02/1997. Most recent 1 year(s) 6 month(s) not available.</subfield>
    <subfield code="i">true</subfield>
    <subfield code="t">FUHA-2141</subfield>
    <subfield code="S">62136607020006464</subfield>
    <subfield code="d">https://hbz-network.userservices.exlibrisgroup.com/view/uresolver/49HBZ_NETWORK/openurl?u.ignore_date_coverage=true&amp;rft.mms_id=99381827973706464</subfield>
    <subfield code="b">Available</subfield>
    <subfield code="f">JOURNAL</subfield>
    <subfield code="8">53141096260006464</subfield>
  </datafield>
  <datafield tag="POC" ind1=" " ind2=" ">
    <subfield code="a">53141096260006464</subfield>
    <subfield code="b">1997</subfield>
    <subfield code="d">2</subfield>
    <subfield code="f">1</subfield>
  </datafield>
  <datafield tag="POE" ind1=" " ind2=" ">
    <subfield code="a">53141096260006464</subfield>
    <subfield code="b">&gt;=</subfield>
    <subfield code="c">1</subfield>
    <subfield code="d">6</subfield>
  </datafield>
  <datafield tag="POR" ind1=" " ind2=" ">
    <subfield code="j">EBSCOhost</subfield>
    <subfield code="x">System</subfield>
    <subfield code="a">53137048260006464</subfield>
    <subfield code="h">DEFAULT</subfield>
    <subfield code="M">49HBZ_FUH</subfield>
    <subfield code="p">61136607060006464</subfield>
    <subfield code="q">EBSCOhost Business Source Ultimate</subfield>
    <subfield code="c">param</subfield>
    <subfield code="o">613860000000000650</subfield>
    <subfield code="y">2022-07-05 10:14:05 Europe/Berlin</subfield>
    <subfield code="w">2022-07-05 10:13:59 Europe/Berlin</subfield>
    <subfield code="D">https://eu04.alma.exlibrisgroup.com/view/uresolver/49HBZ_NETWORK/openurl?u.ignore_date_coverage=true&amp;portfolio_pid=53137048260006464&amp;Force_direct=true</subfield>
    <subfield code="v">NON_SFX_CREATOR</subfield>
    <subfield code="z">2022-07-05 08:13:59</subfield>
    <subfield code="n"> Available from 01/02/1997. Most recent 1 year(s) 6 month(s) not available.</subfield>
    <subfield code="i">true</subfield>
    <subfield code="t">FUHA-4129</subfield>
    <subfield code="S">62136607050006464</subfield>
    <subfield code="d">https://hbz-network.userservices.exlibrisgroup.com/view/uresolver/49HBZ_NETWORK/openurl?u.ignore_date_coverage=true&amp;rft.mms_id=99381827973706464</subfield>
    <subfield code="b">Available</subfield>
    <subfield code="f">JOURNAL</subfield>
    <subfield code="8">53137048260006464</subfield>
  </datafield>
  <datafield tag="POC" ind1=" " ind2=" ">
    <subfield code="a">53137048260006464</subfield>
    <subfield code="b">1997</subfield>
    <subfield code="d">2</subfield>
    <subfield code="f">1</subfield>
  </datafield>
  <datafield tag="POE" ind1=" " ind2=" ">
    <subfield code="a">53137048260006464</subfield>
    <subfield code="b">&gt;=</subfield>
    <subfield code="c">1</subfield>
    <subfield code="d">6</subfield>
  </datafield>
  <datafield tag="POR" ind1=" " ind2=" ">
    <subfield code="j">ProQuest</subfield>
    <subfield code="x">System</subfield>
    <subfield code="a">53144068100006464</subfield>
    <subfield code="h">DEFAULT</subfield>
    <subfield code="M">49HBZ_FUH</subfield>
    <subfield code="p">61143510070006464</subfield>
    <subfield code="q">ProQuest One Business</subfield>
    <subfield code="c">param</subfield>
    <subfield code="o">614940000000000198</subfield>
    <subfield code="y">2024-08-06 05:27:28 Europe/Berlin</subfield>
    <subfield code="w">2022-07-10 11:18:52 Europe/Berlin</subfield>
    <subfield code="D">https://eu04.alma.exlibrisgroup.com/view/uresolver/49HBZ_NETWORK/openurl?u.ignore_date_coverage=true&amp;portfolio_pid=53144068100006464&amp;Force_direct=true</subfield>
    <subfield code="v">System</subfield>
    <subfield code="z">2022-07-10 09:18:52</subfield>
    <subfield code="n"> Available from 01/06/1997 volume: 31 issue: 4 until 30/11/2000 volume: 34 issue: 8.</subfield>
    <subfield code="i">true</subfield>
    <subfield code="t">POL-860</subfield>
    <subfield code="S">62143510060006464</subfield>
    <subfield code="d">https://hbz-network.userservices.exlibrisgroup.com/view/uresolver/49HBZ_NETWORK/openurl?u.ignore_date_coverage=true&amp;rft.mms_id=99381827973706464</subfield>
    <subfield code="b">Available</subfield>
    <subfield code="f">JOURNAL</subfield>
    <subfield code="8">53144068100006464</subfield>
  </datafield>
  <datafield tag="POC" ind1=" " ind2=" ">
    <subfield code="a">53144068100006464</subfield>
    <subfield code="b">1997</subfield>
    <subfield code="c">2000</subfield>
    <subfield code="d">6</subfield>
    <subfield code="e">11</subfield>
    <subfield code="f">1</subfield>
    <subfield code="g">30</subfield>
    <subfield code="h">31</subfield>
    <subfield code="i">34</subfield>
    <subfield code="j">4</subfield>
    <subfield code="k">8</subfield>
  </datafield>
  <datafield tag="POR" ind1=" " ind2=" ">
    <subfield code="j">Taylor and Francis Online</subfield>
    <subfield code="x">System</subfield>
    <subfield code="a">53163197960006464</subfield>
    <subfield code="h">DEFAULT</subfield>
    <subfield code="M">49HBZ_FUH</subfield>
    <subfield code="p">61162551410006464</subfield>
    <subfield code="q">Taylor &amp; Francis Journals Auto-Holdings Collection</subfield>
    <subfield code="c">param</subfield>
    <subfield code="o">615400000000000635</subfield>
    <subfield code="y">2024-09-09 16:53:15 Europe/Berlin</subfield>
    <subfield code="w">2024-09-09 16:53:01 Europe/Berlin</subfield>
    <subfield code="D">https://eu04.alma.exlibrisgroup.com/view/uresolver/49HBZ_NETWORK/openurl?u.ignore_date_coverage=true&amp;portfolio_pid=53163197960006464&amp;Force_direct=true</subfield>
    <subfield code="v">System</subfield>
    <subfield code="z">2024-09-09 14:53:01</subfield>
    <subfield code="n"> Available from 14/04/1995 volume: 29 issue: 1. Available from 01/05/1967 volume: 1 issue: 1 until 01/12/2000 volume: 34 issue: 9.</subfield>
    <subfield code="i">true</subfield>
    <subfield code="S">62162551400006464</subfield>
    <subfield code="d">https://hbz-network.userservices.exlibrisgroup.com/view/uresolver/49HBZ_NETWORK/openurl?u.ignore_date_coverage=true&amp;rft.mms_id=99381827973706464</subfield>
    <subfield code="b">Available</subfield>
    <subfield code="f">JOURNAL</subfield>
    <subfield code="8">53163197960006464</subfield>
  </datafield>
  <datafield tag="POC" ind1=" " ind2=" ">
    <subfield code="a">53163197960006464</subfield>
    <subfield code="b">1995</subfield>
    <subfield code="d">04</subfield>
    <subfield code="f">14</subfield>
    <subfield code="h">29</subfield>
    <subfield code="j">1</subfield>
  </datafield>
  <datafield tag="POC" ind1=" " ind2=" ">
    <subfield code="a">53163197960006464</subfield>
    <subfield code="b">1967</subfield>
    <subfield code="c">2000</subfield>
    <subfield code="d">05</subfield>
    <subfield code="e">12</subfield>
    <subfield code="f">01</subfield>
    <subfield code="g">01</subfield>
    <subfield code="h">1</subfield>
    <subfield code="i">34</subfield>
    <subfield code="j">1</subfield>
    <subfield code="k">9</subfield>
  </datafield>
  <datafield tag="POR" ind1=" " ind2=" ">
    <subfield code="j">Taylor and Francis Online</subfield>
    <subfield code="x">System</subfield>
    <subfield code="a">53137399730006464</subfield>
    <subfield code="h">EZProxy</subfield>
    <subfield code="M">49HBZ_FUH</subfield>
    <subfield code="p">61136604990006464</subfield>
    <subfield code="q">EZB-NALII-00478 Taylor and Francis Archive NL</subfield>
    <subfield code="c">param</subfield>
    <subfield code="o">613790000000000576</subfield>
    <subfield code="y">2022-07-05 10:15:23 Europe/Berlin</subfield>
    <subfield code="w">2022-07-05 10:15:19 Europe/Berlin</subfield>
    <subfield code="D">https://eu04.alma.exlibrisgroup.com/view/uresolver/49HBZ_NETWORK/openurl?u.ignore_date_coverage=true&amp;portfolio_pid=53137399730006464&amp;Force_direct=true</subfield>
    <subfield code="v">NON_SFX_CREATOR</subfield>
    <subfield code="z">2022-07-05 08:15:19</subfield>
    <subfield code="n"> Available from 1967 volume: 1 until 2000 volume: 34.</subfield>
    <subfield code="i">false</subfield>
    <subfield code="S">62136604980006464</subfield>
    <subfield code="d">https://hbz-network.userservices.exlibrisgroup.com/view/uresolver/49HBZ_NETWORK/openurl?u.ignore_date_coverage=true&amp;rft.mms_id=99381827973706464</subfield>
    <subfield code="b">Available</subfield>
    <subfield code="f">JOURNAL</subfield>
    <subfield code="8">53137399730006464</subfield>
  </datafield>
  <datafield tag="POC" ind1=" " ind2=" ">
    <subfield code="a">53137399730006464</subfield>
    <subfield code="b">1967</subfield>
    <subfield code="c">2000</subfield>
    <subfield code="d">1</subfield>
    <subfield code="e">12</subfield>
    <subfield code="f">1</subfield>
    <subfield code="g">31</subfield>
    <subfield code="h">1</subfield>
    <subfield code="i">34</subfield>
  </datafield>
  <datafield tag="POR" ind1=" " ind2=" ">
    <subfield code="j">EBSCOhost</subfield>
    <subfield code="x">System</subfield>
    <subfield code="a">5386791430006444</subfield>
    <subfield code="M">49HBZ_FHA</subfield>
    <subfield code="p">6185054290006444</subfield>
    <subfield code="r">EBSCO</subfield>
    <subfield code="q">Business Source Premier</subfield>
    <subfield code="c">param</subfield>
    <subfield code="o">61110975593244095</subfield>
    <subfield code="y">2021-04-20 18:55:13 Europe/Berlin</subfield>
    <subfield code="w">2021-04-20 18:55:07 Europe/Berlin</subfield>
    <subfield code="D">https://eu04.alma.exlibrisgroup.com/view/uresolver/49HBZ_NETWORK/openurl?u.ignore_date_coverage=true&amp;portfolio_pid=5386791430006444&amp;Force_direct=true</subfield>
    <subfield code="s">Ebsco Publishing</subfield>
    <subfield code="v">NON_SFX_CREATOR</subfield>
    <subfield code="z">2021-04-20 16:55:07</subfield>
    <subfield code="n"> Available from 01/02/1997. Most recent 1 year(s) 6 month(s) not available.</subfield>
    <subfield code="i">false</subfield>
    <subfield code="t">L4/14</subfield>
    <subfield code="S">6285054280006444</subfield>
    <subfield code="d">https://hbz-network.userservices.exlibrisgroup.com/view/uresolver/49HBZ_NETWORK/openurl?u.ignore_date_coverage=true&amp;rft.mms_id=991005821033406444</subfield>
    <subfield code="b">Available</subfield>
    <subfield code="f">JOURNAL</subfield>
    <subfield code="8">5386791430006444</subfield>
  </datafield>
  <datafield tag="POC" ind1=" " ind2=" ">
    <subfield code="a">5386791430006444</subfield>
    <subfield code="b">1997</subfield>
    <subfield code="d">2</subfield>
    <subfield code="f">1</subfield>
  </datafield>
  <datafield tag="POE" ind1=" " ind2=" ">
    <subfield code="a">5386791430006444</subfield>
    <subfield code="b">&gt;=</subfield>
    <subfield code="c">1</subfield>
    <subfield code="d">6</subfield>
  </datafield>
  <datafield tag="POR" ind1=" " ind2=" ">
    <subfield code="j">Taylor and Francis Online</subfield>
    <subfield code="x">System</subfield>
    <subfield code="a">5385321770006444</subfield>
    <subfield code="M">49HBZ_FHA</subfield>
    <subfield code="p">6185052850006444</subfield>
    <subfield code="q">Taylor and Francis Archive</subfield>
    <subfield code="c">param</subfield>
    <subfield code="o">613790000000000576</subfield>
    <subfield code="y">2021-04-20 18:49:10 Europe/Berlin</subfield>
    <subfield code="w">2021-04-20 18:49:04 Europe/Berlin</subfield>
    <subfield code="D">https://eu04.alma.exlibrisgroup.com/view/uresolver/49HBZ_NETWORK/openurl?u.ignore_date_coverage=true&amp;portfolio_pid=5385321770006444&amp;Force_direct=true</subfield>
    <subfield code="v">NON_SFX_CREATOR</subfield>
    <subfield code="z">2021-04-20 16:49:04</subfield>
    <subfield code="n"> Available from 1967 volume: 1 until 2000 volume: 34.</subfield>
    <subfield code="i">false</subfield>
    <subfield code="S">6285052840006444</subfield>
    <subfield code="d">https://hbz-network.userservices.exlibrisgroup.com/view/uresolver/49HBZ_NETWORK/openurl?u.ignore_date_coverage=true&amp;rft.mms_id=991005821033406444</subfield>
    <subfield code="b">Available</subfield>
    <subfield code="f">JOURNAL</subfield>
    <subfield code="8">5385321770006444</subfield>
  </datafield>
  <datafield tag="POC" ind1=" " ind2=" ">
    <subfield code="a">5385321770006444</subfield>
    <subfield code="b">1967</subfield>
    <subfield code="c">2000</subfield>
    <subfield code="d">1</subfield>
    <subfield code="e">12</subfield>
    <subfield code="f">1</subfield>
    <subfield code="g">31</subfield>
    <subfield code="h">1</subfield>
    <subfield code="i">34</subfield>
  </datafield>
  <datafield tag="POR" ind1=" " ind2=" ">
    <subfield code="j">Taylor and Francis Online</subfield>
    <subfield code="x">System</subfield>
    <subfield code="a">5323942140006450</subfield>
    <subfield code="M">49HBZ_HBI</subfield>
    <subfield code="p">6122543440006450</subfield>
    <subfield code="q">EZB-NALII-00478 Taylor and Francis Archive NL</subfield>
    <subfield code="c">param</subfield>
    <subfield code="o">613790000000000576</subfield>
    <subfield code="y">2022-07-17 16:49:44 Europe/Berlin</subfield>
    <subfield code="w">2022-07-17 16:49:38 Europe/Berlin</subfield>
    <subfield code="D">https://eu04.alma.exlibrisgroup.com/view/uresolver/49HBZ_NETWORK/openurl?u.ignore_date_coverage=true&amp;portfolio_pid=5323942140006450&amp;Force_direct=true</subfield>
    <subfield code="v">NON_SFX_CREATOR</subfield>
    <subfield code="z">2022-07-17 14:49:38</subfield>
    <subfield code="n"> Available from 1967 volume: 1 until 2000 volume: 34.</subfield>
    <subfield code="i">false</subfield>
    <subfield code="S">6222543430006450</subfield>
    <subfield code="d">https://hbz-network.userservices.exlibrisgroup.com/view/uresolver/49HBZ_NETWORK/openurl?u.ignore_date_coverage=true&amp;rft.mms_id=991005479312606450</subfield>
    <subfield code="b">Available</subfield>
    <subfield code="f">JOURNAL</subfield>
    <subfield code="8">5323942140006450</subfield>
  </datafield>
  <datafield tag="POC" ind1=" " ind2=" ">
    <subfield code="a">5323942140006450</subfield>
    <subfield code="b">1967</subfield>
    <subfield code="c">2000</subfield>
    <subfield code="d">1</subfield>
    <subfield code="e">12</subfield>
    <subfield code="f">1</subfield>
    <subfield code="g">31</subfield>
    <subfield code="h">1</subfield>
    <subfield code="i">34</subfield>
  </datafield>
  <datafield tag="POR" ind1=" " ind2=" ">
    <subfield code="j">EBSCOhost</subfield>
    <subfield code="x">System</subfield>
    <subfield code="a">5323171060006450</subfield>
    <subfield code="M">49HBZ_HBI</subfield>
    <subfield code="p">6122544400006450</subfield>
    <subfield code="q">EBSCOhost Business Source Ultimate</subfield>
    <subfield code="c">param</subfield>
    <subfield code="o">613860000000000650</subfield>
    <subfield code="y">2022-07-17 16:47:37 Europe/Berlin</subfield>
    <subfield code="w">2022-07-17 16:47:29 Europe/Berlin</subfield>
    <subfield code="D">https://eu04.alma.exlibrisgroup.com/view/uresolver/49HBZ_NETWORK/openurl?u.ignore_date_coverage=true&amp;portfolio_pid=5323171060006450&amp;Force_direct=true</subfield>
    <subfield code="v">NON_SFX_CREATOR</subfield>
    <subfield code="z">2022-07-17 14:47:29</subfield>
    <subfield code="n"> Available from 01/02/1997. Most recent 1 year(s) 6 month(s) not available.</subfield>
    <subfield code="i">false</subfield>
    <subfield code="S">6222544390006450</subfield>
    <subfield code="d">https://hbz-network.userservices.exlibrisgroup.com/view/uresolver/49HBZ_NETWORK/openurl?u.ignore_date_coverage=true&amp;rft.mms_id=991005479312606450</subfield>
    <subfield code="b">Available</subfield>
    <subfield code="f">JOURNAL</subfield>
    <subfield code="8">5323171060006450</subfield>
  </datafield>
  <datafield tag="POC" ind1=" " ind2=" ">
    <subfield code="a">5323171060006450</subfield>
    <subfield code="b">1997</subfield>
    <subfield code="d">2</subfield>
    <subfield code="f">1</subfield>
  </datafield>
  <datafield tag="POE" ind1=" " ind2=" ">
    <subfield code="a">5323171060006450</subfield>
    <subfield code="b">&gt;=</subfield>
    <subfield code="c">1</subfield>
    <subfield code="d">6</subfield>
  </datafield>
  <datafield tag="POR" ind1=" " ind2=" ">
    <subfield code="j">EBSCOhost</subfield>
    <subfield code="x">System</subfield>
    <subfield code="a">5318607820006454</subfield>
    <subfield code="M">49HBZ_HBO</subfield>
    <subfield code="p">6118340550006454</subfield>
    <subfield code="q">EBSCOhost Business Source Premier</subfield>
    <subfield code="c">param</subfield>
    <subfield code="o">61110975593244095</subfield>
    <subfield code="y">2023-04-28 15:01:37 Europe/Berlin</subfield>
    <subfield code="w">2023-04-28 15:00:27 Europe/Berlin</subfield>
    <subfield code="D">https://eu04.alma.exlibrisgroup.com/view/uresolver/49HBZ_NETWORK/openurl?u.ignore_date_coverage=true&amp;portfolio_pid=5318607820006454&amp;Force_direct=true</subfield>
    <subfield code="v">System</subfield>
    <subfield code="z">2023-04-28 13:00:27</subfield>
    <subfield code="n"> Available from 01/02/1997. Most recent 1 year(s) 6 month(s) not available.</subfield>
    <subfield code="i">false</subfield>
    <subfield code="t">2023-1535</subfield>
    <subfield code="S">6218405240006454</subfield>
    <subfield code="d">https://hbz-network.userservices.exlibrisgroup.com/view/uresolver/49HBZ_NETWORK/openurl?u.ignore_date_coverage=true&amp;rft.mms_id=991000412732106454</subfield>
    <subfield code="b">Available</subfield>
    <subfield code="f">JOURNAL</subfield>
    <subfield code="8">5318607820006454</subfield>
  </datafield>
  <datafield tag="POC" ind1=" " ind2=" ">
    <subfield code="a">5318607820006454</subfield>
    <subfield code="b">1997</subfield>
    <subfield code="d">2</subfield>
    <subfield code="f">1</subfield>
  </datafield>
  <datafield tag="POE" ind1=" " ind2=" ">
    <subfield code="a">5318607820006454</subfield>
    <subfield code="b">&gt;=</subfield>
    <subfield code="c">1</subfield>
    <subfield code="d">6</subfield>
  </datafield>
  <datafield tag="POR" ind1=" " ind2=" ">
    <subfield code="j">Taylor and Francis Online</subfield>
    <subfield code="x">System</subfield>
    <subfield code="a">5352050990006452</subfield>
    <subfield code="M">49HBZ_BRS</subfield>
    <subfield code="p">6150515950006452</subfield>
    <subfield code="q">Taylor and Francis Journals Archive</subfield>
    <subfield code="c">param</subfield>
    <subfield code="B">Nationallizenz</subfield>
    <subfield code="o">613790000000000576</subfield>
    <subfield code="y">2022-07-07 21:02:55 Europe/Berlin</subfield>
    <subfield code="w">2022-07-07 21:02:50 Europe/Berlin</subfield>
    <subfield code="D">https://eu04.alma.exlibrisgroup.com/view/uresolver/49HBZ_NETWORK/openurl?u.ignore_date_coverage=true&amp;portfolio_pid=5352050990006452&amp;Force_direct=true</subfield>
    <subfield code="v">NON_SFX_CREATOR</subfield>
    <subfield code="z">2022-07-07 19:02:50</subfield>
    <subfield code="n"> Available from 1967 volume: 1 until 2000 volume: 34.</subfield>
    <subfield code="i">false</subfield>
    <subfield code="S">6250515940006452</subfield>
    <subfield code="d">https://hbz-network.userservices.exlibrisgroup.com/view/uresolver/49HBZ_NETWORK/openurl?u.ignore_date_coverage=true&amp;rft.mms_id=991005694363106452</subfield>
    <subfield code="b">Available</subfield>
    <subfield code="f">JOURNAL</subfield>
    <subfield code="8">5352050990006452</subfield>
  </datafield>
  <datafield tag="POC" ind1=" " ind2=" ">
    <subfield code="a">5352050990006452</subfield>
    <subfield code="b">1967</subfield>
    <subfield code="c">2000</subfield>
    <subfield code="d">1</subfield>
    <subfield code="e">12</subfield>
    <subfield code="f">1</subfield>
    <subfield code="g">31</subfield>
    <subfield code="h">1</subfield>
    <subfield code="i">34</subfield>
  </datafield>
  <datafield tag="POR" ind1=" " ind2=" ">
    <subfield code="j">EBSCOhost</subfield>
    <subfield code="x">System</subfield>
    <subfield code="a">5352343570006452</subfield>
    <subfield code="M">49HBZ_BRS</subfield>
    <subfield code="p">6150517330006452</subfield>
    <subfield code="q">EBSCOhost Business Source Ultimate</subfield>
    <subfield code="c">param</subfield>
    <subfield code="o">613860000000000650</subfield>
    <subfield code="y">2022-07-07 21:04:00 Europe/Berlin</subfield>
    <subfield code="w">2022-07-07 21:03:55 Europe/Berlin</subfield>
    <subfield code="D">https://eu04.alma.exlibrisgroup.com/view/uresolver/49HBZ_NETWORK/openurl?u.ignore_date_coverage=true&amp;portfolio_pid=5352343570006452&amp;Force_direct=true</subfield>
    <subfield code="v">NON_SFX_CREATOR</subfield>
    <subfield code="z">2022-07-07 19:03:55</subfield>
    <subfield code="n"> Available from 01/02/1997. Most recent 1 year(s) 6 month(s) not available.</subfield>
    <subfield code="i">false</subfield>
    <subfield code="t">ri-2355</subfield>
    <subfield code="S">6250517320006452</subfield>
    <subfield code="d">https://hbz-network.userservices.exlibrisgroup.com/view/uresolver/49HBZ_NETWORK/openurl?u.ignore_date_coverage=true&amp;rft.mms_id=991005694363106452</subfield>
    <subfield code="b">Available</subfield>
    <subfield code="f">JOURNAL</subfield>
    <subfield code="8">5352343570006452</subfield>
  </datafield>
  <datafield tag="POC" ind1=" " ind2=" ">
    <subfield code="a">5352343570006452</subfield>
    <subfield code="b">1997</subfield>
    <subfield code="d">2</subfield>
    <subfield code="f">1</subfield>
  </datafield>
  <datafield tag="POE" ind1=" " ind2=" ">
    <subfield code="a">5352343570006452</subfield>
    <subfield code="b">&gt;=</subfield>
    <subfield code="c">1</subfield>
    <subfield code="d">6</subfield>
  </datafield>
  <datafield tag="POR" ind1=" " ind2=" ">
    <subfield code="j">Taylor and Francis Online</subfield>
    <subfield code="x">System</subfield>
    <subfield code="a">5336882710006455</subfield>
    <subfield code="h">DEFAULT</subfield>
    <subfield code="M">49HBZ_HSD</subfield>
    <subfield code="p">6136672320006455</subfield>
    <subfield code="q">EZB-NALII-00478 Taylor and Francis Archive NL</subfield>
    <subfield code="c">param</subfield>
    <subfield code="o">613790000000000576</subfield>
    <subfield code="y">2022-08-09 16:00:48 Europe/Berlin</subfield>
    <subfield code="w">2022-08-09 16:00:43 Europe/Berlin</subfield>
    <subfield code="D">https://eu04.alma.exlibrisgroup.com/view/uresolver/49HBZ_NETWORK/openurl?u.ignore_date_coverage=true&amp;portfolio_pid=5336882710006455&amp;Force_direct=true</subfield>
    <subfield code="v">NON_SFX_CREATOR</subfield>
    <subfield code="z">2022-08-09 14:00:43</subfield>
    <subfield code="n"> Available from 1967 volume: 1 until 2000 volume: 34.</subfield>
    <subfield code="i">true</subfield>
    <subfield code="S">6236672310006455</subfield>
    <subfield code="d">https://hbz-network.userservices.exlibrisgroup.com/view/uresolver/49HBZ_NETWORK/openurl?u.ignore_date_coverage=true&amp;rft.mms_id=991005616396106455</subfield>
    <subfield code="b">Available</subfield>
    <subfield code="f">JOURNAL</subfield>
    <subfield code="8">5336882710006455</subfield>
  </datafield>
  <datafield tag="POC" ind1=" " ind2=" ">
    <subfield code="a">5336882710006455</subfield>
    <subfield code="b">1967</subfield>
    <subfield code="c">2000</subfield>
    <subfield code="d">1</subfield>
    <subfield code="e">12</subfield>
    <subfield code="f">1</subfield>
    <subfield code="g">31</subfield>
    <subfield code="h">1</subfield>
    <subfield code="i">34</subfield>
  </datafield>
  <datafield tag="POR" ind1=" " ind2=" ">
    <subfield code="j">Taylor and Francis Online</subfield>
    <subfield code="x">System</subfield>
    <subfield code="a">5331304140006482</subfield>
    <subfield code="M">49HBZ_HHL</subfield>
    <subfield code="p">6131032040006482</subfield>
    <subfield code="q">EZB-NALII-00478 Taylor and Francis Archive NL</subfield>
    <subfield code="c">param</subfield>
    <subfield code="o">613790000000000576</subfield>
    <subfield code="y">2023-08-08 10:41:22 Europe/Berlin</subfield>
    <subfield code="w">2023-08-08 10:41:17 Europe/Berlin</subfield>
    <subfield code="D">https://eu04.alma.exlibrisgroup.com/view/uresolver/49HBZ_NETWORK/openurl?u.ignore_date_coverage=true&amp;portfolio_pid=5331304140006482&amp;Force_direct=true</subfield>
    <subfield code="v">NON_SFX_CREATOR</subfield>
    <subfield code="z">2023-08-08 08:41:17</subfield>
    <subfield code="n"> Available from 1967 volume: 1 until 2000 volume: 34.</subfield>
    <subfield code="i">false</subfield>
    <subfield code="S">6231032030006482</subfield>
    <subfield code="d">https://hbz-network.userservices.exlibrisgroup.com/view/uresolver/49HBZ_NETWORK/openurl?u.ignore_date_coverage=true&amp;rft.mms_id=991001196630906482</subfield>
    <subfield code="b">Available</subfield>
    <subfield code="f">JOURNAL</subfield>
    <subfield code="8">5331304140006482</subfield>
  </datafield>
  <datafield tag="POC" ind1=" " ind2=" ">
    <subfield code="a">5331304140006482</subfield>
    <subfield code="b">1967</subfield>
    <subfield code="c">2000</subfield>
    <subfield code="d">1</subfield>
    <subfield code="e">12</subfield>
    <subfield code="f">1</subfield>
    <subfield code="g">31</subfield>
    <subfield code="h">1</subfield>
    <subfield code="i">34</subfield>
  </datafield>
  <datafield tag="POR" ind1=" " ind2=" ">
    <subfield code="j">ProQuest</subfield>
    <subfield code="x">System</subfield>
    <subfield code="a">5327255840008978</subfield>
    <subfield code="M">49HBZ_HSK</subfield>
    <subfield code="p">6126809220008978</subfield>
    <subfield code="q">ProQuest One Business</subfield>
    <subfield code="c">param</subfield>
    <subfield code="o">614940000000000198</subfield>
    <subfield code="y">2024-09-22 13:11:20 Europe/Berlin</subfield>
    <subfield code="w">2024-09-22 13:11:20 Europe/Berlin</subfield>
    <subfield code="D">https://eu04.alma.exlibrisgroup.com/view/uresolver/49HBZ_NETWORK/openurl?u.ignore_date_coverage=true&amp;portfolio_pid=5327255840008978&amp;Force_direct=true</subfield>
    <subfield code="v">System</subfield>
    <subfield code="z">2024-09-22 11:11:20</subfield>
    <subfield code="n"> Available from 01/06/1997 volume: 31 issue: 4 until 30/11/2000 volume: 34 issue: 8.</subfield>
    <subfield code="i">false</subfield>
    <subfield code="S">6226809210008978</subfield>
    <subfield code="d">https://hbz-network.userservices.exlibrisgroup.com/view/uresolver/49HBZ_NETWORK/openurl?u.ignore_date_coverage=true&amp;rft.mms_id=991002625849308978</subfield>
    <subfield code="b">Available</subfield>
    <subfield code="f">JOURNAL</subfield>
    <subfield code="8">5327255840008978</subfield>
  </datafield>
  <datafield tag="POC" ind1=" " ind2=" ">
    <subfield code="a">5327255840008978</subfield>
    <subfield code="b">1997</subfield>
    <subfield code="c">2000</subfield>
    <subfield code="d">6</subfield>
    <subfield code="e">11</subfield>
    <subfield code="f">1</subfield>
    <subfield code="g">30</subfield>
    <subfield code="h">31</subfield>
    <subfield code="i">34</subfield>
    <subfield code="j">4</subfield>
    <subfield code="k">8</subfield>
  </datafield>
  <datafield tag="POR" ind1=" " ind2=" ">
    <subfield code="j">EBSCOhost</subfield>
    <subfield code="x">System</subfield>
    <subfield code="a">5355009300008976</subfield>
    <subfield code="M">49HBZ_HSL</subfield>
    <subfield code="p">6126389850008976</subfield>
    <subfield code="q">EBSCOhost Business Source Premier</subfield>
    <subfield code="c">param</subfield>
    <subfield code="o">61110975593244095</subfield>
    <subfield code="y">2024-09-23 10:37:15 Europe/Berlin</subfield>
    <subfield code="w">2024-09-23 10:37:08 Europe/Berlin</subfield>
    <subfield code="D">https://eu04.alma.exlibrisgroup.com/view/uresolver/49HBZ_NETWORK/openurl?u.ignore_date_coverage=true&amp;portfolio_pid=5355009300008976&amp;Force_direct=true</subfield>
    <subfield code="v">NON_SFX_CREATOR</subfield>
    <subfield code="z">2024-09-23 08:37:08</subfield>
    <subfield code="n"> Available from 01/02/1997. Most recent 1 year(s) 6 month(s) not available.</subfield>
    <subfield code="i">false</subfield>
    <subfield code="S">6226389840008976</subfield>
    <subfield code="d">https://hbz-network.userservices.exlibrisgroup.com/view/uresolver/49HBZ_NETWORK/openurl?u.ignore_date_coverage=true&amp;rft.mms_id=991002071459608976</subfield>
    <subfield code="b">Available</subfield>
    <subfield code="f">JOURNAL</subfield>
    <subfield code="8">5355009300008976</subfield>
  </datafield>
  <datafield tag="POC" ind1=" " ind2=" ">
    <subfield code="a">5355009300008976</subfield>
    <subfield code="b">1997</subfield>
    <subfield code="d">2</subfield>
    <subfield code="f">1</subfield>
  </datafield>
  <datafield tag="POE" ind1=" " ind2=" ">
    <subfield code="a">5355009300008976</subfield>
    <subfield code="b">&gt;=</subfield>
    <subfield code="c">1</subfield>
    <subfield code="d">6</subfield>
  </datafield>
  <datafield tag="POR" ind1=" " ind2=" ">
    <subfield code="j">Taylor and Francis Online</subfield>
    <subfield code="x">System</subfield>
    <subfield code="a">5368135500008976</subfield>
    <subfield code="M">49HBZ_HSL</subfield>
    <subfield code="p">6126389190008976</subfield>
    <subfield code="q">EZB-NALII-00478 Taylor and Francis Archive NL</subfield>
    <subfield code="c">param</subfield>
    <subfield code="o">613790000000000576</subfield>
    <subfield code="y">2024-09-23 11:40:42 Europe/Berlin</subfield>
    <subfield code="w">2024-09-23 11:40:34 Europe/Berlin</subfield>
    <subfield code="D">https://eu04.alma.exlibrisgroup.com/view/uresolver/49HBZ_NETWORK/openurl?u.ignore_date_coverage=true&amp;portfolio_pid=5368135500008976&amp;Force_direct=true</subfield>
    <subfield code="v">NON_SFX_CREATOR</subfield>
    <subfield code="z">2024-09-23 09:40:34</subfield>
    <subfield code="n"> Available from 1967 volume: 1 until 2000 volume: 34.</subfield>
    <subfield code="i">false</subfield>
    <subfield code="S">6226389180008976</subfield>
    <subfield code="d">https://hbz-network.userservices.exlibrisgroup.com/view/uresolver/49HBZ_NETWORK/openurl?u.ignore_date_coverage=true&amp;rft.mms_id=991002071459608976</subfield>
    <subfield code="b">Available</subfield>
    <subfield code="f">JOURNAL</subfield>
    <subfield code="8">5368135500008976</subfield>
  </datafield>
  <datafield tag="POC" ind1=" " ind2=" ">
    <subfield code="a">5368135500008976</subfield>
    <subfield code="b">1967</subfield>
    <subfield code="c">2000</subfield>
    <subfield code="d">1</subfield>
    <subfield code="e">12</subfield>
    <subfield code="f">1</subfield>
    <subfield code="g">31</subfield>
    <subfield code="h">1</subfield>
    <subfield code="i">34</subfield>
  </datafield>
  <datafield tag="POR" ind1=" " ind2=" ">
    <subfield code="j">Bacon</subfield>
    <subfield code="x">System</subfield>
    <subfield code="a">5342645330008976</subfield>
    <subfield code="M">49HBZ_HSL</subfield>
    <subfield code="p">6126388500008976</subfield>
    <subfield code="q">Bacon Proquest Couperin Periodicals Index Online $PROQUEST_COUPERIN_PERIODICALS-INDEX-ONLINE</subfield>
    <subfield code="c">param</subfield>
    <subfield code="o">615470000000000352</subfield>
    <subfield code="y">2024-09-23 09:37:50 Europe/Berlin</subfield>
    <subfield code="w">2024-09-23 09:37:43 Europe/Berlin</subfield>
    <subfield code="D">https://eu04.alma.exlibrisgroup.com/view/uresolver/49HBZ_NETWORK/openurl?u.ignore_date_coverage=true&amp;portfolio_pid=5342645330008976&amp;Force_direct=true</subfield>
    <subfield code="v">NON_SFX_CREATOR</subfield>
    <subfield code="z">2024-09-23 07:37:43</subfield>
    <subfield code="i">false</subfield>
    <subfield code="S">6226388490008976</subfield>
    <subfield code="d">https://hbz-network.userservices.exlibrisgroup.com/view/uresolver/49HBZ_NETWORK/openurl?u.ignore_date_coverage=true&amp;rft.mms_id=991002071459608976</subfield>
    <subfield code="b">Available</subfield>
    <subfield code="f">JOURNAL</subfield>
    <subfield code="8">5342645330008976</subfield>
  </datafield>
  <datafield tag="POR" ind1=" " ind2=" ">
    <subfield code="j">EBSCOhost</subfield>
    <subfield code="x">System</subfield>
    <subfield code="a">5349346480008056</subfield>
    <subfield code="h">DEFAULT</subfield>
    <subfield code="M">49HBZ_HSN</subfield>
    <subfield code="p">6149245710008056</subfield>
    <subfield code="q">EBSCOhost Business Source Premier</subfield>
    <subfield code="c">param</subfield>
    <subfield code="o">61110975593244095</subfield>
    <subfield code="y">2023-07-25 17:42:27 Europe/Berlin</subfield>
    <subfield code="w">2023-07-25 17:42:12 Europe/Berlin</subfield>
    <subfield code="D">https://eu04.alma.exlibrisgroup.com/view/uresolver/49HBZ_NETWORK/openurl?u.ignore_date_coverage=true&amp;portfolio_pid=5349346480008056&amp;Force_direct=true</subfield>
    <subfield code="v">NON_SFX_CREATOR</subfield>
    <subfield code="z">2023-07-25 15:42:12</subfield>
    <subfield code="n"> Available from 01/02/1997. Most recent 1 year(s) 6 month(s) not available.</subfield>
    <subfield code="i">true</subfield>
    <subfield code="S">6249245700008056</subfield>
    <subfield code="d">https://hbz-network.userservices.exlibrisgroup.com/view/uresolver/49HBZ_NETWORK/openurl?u.ignore_date_coverage=true&amp;rft.mms_id=991008985733308056</subfield>
    <subfield code="b">Available</subfield>
    <subfield code="f">JOURNAL</subfield>
    <subfield code="8">5349346480008056</subfield>
  </datafield>
  <datafield tag="POC" ind1=" " ind2=" ">
    <subfield code="a">5349346480008056</subfield>
    <subfield code="b">1997</subfield>
    <subfield code="d">2</subfield>
    <subfield code="f">1</subfield>
  </datafield>
  <datafield tag="POE" ind1=" " ind2=" ">
    <subfield code="a">5349346480008056</subfield>
    <subfield code="b">&gt;=</subfield>
    <subfield code="c">1</subfield>
    <subfield code="d">6</subfield>
  </datafield>
  <datafield tag="POR" ind1=" " ind2=" ">
    <subfield code="j">EBSCOhost</subfield>
    <subfield code="x">System</subfield>
    <subfield code="a">5349579440008056</subfield>
    <subfield code="h">DEFAULT</subfield>
    <subfield code="M">49HBZ_HSN</subfield>
    <subfield code="p">6149245620008056</subfield>
    <subfield code="q">EBSCOhost Econlit with Full Text</subfield>
    <subfield code="c">param</subfield>
    <subfield code="o">611000000000001504</subfield>
    <subfield code="y">2023-07-25 17:43:45 Europe/Berlin</subfield>
    <subfield code="w">2023-07-25 17:43:27 Europe/Berlin</subfield>
    <subfield code="D">https://eu04.alma.exlibrisgroup.com/view/uresolver/49HBZ_NETWORK/openurl?u.ignore_date_coverage=true&amp;portfolio_pid=5349579440008056&amp;Force_direct=true</subfield>
    <subfield code="v">NON_SFX_CREATOR</subfield>
    <subfield code="z">2023-07-25 15:43:27</subfield>
    <subfield code="n"> Available from 01/02/1997. Most recent 1 year(s) 6 month(s) not available.</subfield>
    <subfield code="i">true</subfield>
    <subfield code="S">6249245610008056</subfield>
    <subfield code="d">https://hbz-network.userservices.exlibrisgroup.com/view/uresolver/49HBZ_NETWORK/openurl?u.ignore_date_coverage=true&amp;rft.mms_id=991008985733308056</subfield>
    <subfield code="b">Available</subfield>
    <subfield code="f">JOURNAL</subfield>
    <subfield code="8">5349579440008056</subfield>
  </datafield>
  <datafield tag="POC" ind1=" " ind2=" ">
    <subfield code="a">5349579440008056</subfield>
    <subfield code="b">1997</subfield>
    <subfield code="d">2</subfield>
    <subfield code="f">1</subfield>
  </datafield>
  <datafield tag="POE" ind1=" " ind2=" ">
    <subfield code="a">5349579440008056</subfield>
    <subfield code="b">&gt;=</subfield>
    <subfield code="c">1</subfield>
    <subfield code="d">6</subfield>
  </datafield>
  <datafield tag="POR" ind1=" " ind2=" ">
    <subfield code="j">Taylor and Francis Online</subfield>
    <subfield code="x">System</subfield>
    <subfield code="a">5350644950008056</subfield>
    <subfield code="h">DEFAULT</subfield>
    <subfield code="M">49HBZ_HSN</subfield>
    <subfield code="p">6149244990008056</subfield>
    <subfield code="q">EZB-NALII-00478 Taylor and Francis Archive NL</subfield>
    <subfield code="c">param</subfield>
    <subfield code="o">613790000000000576</subfield>
    <subfield code="y">2023-07-25 17:49:12 Europe/Berlin</subfield>
    <subfield code="w">2023-07-25 17:48:53 Europe/Berlin</subfield>
    <subfield code="D">https://eu04.alma.exlibrisgroup.com/view/uresolver/49HBZ_NETWORK/openurl?u.ignore_date_coverage=true&amp;portfolio_pid=5350644950008056&amp;Force_direct=true</subfield>
    <subfield code="v">NON_SFX_CREATOR</subfield>
    <subfield code="z">2023-07-25 15:48:53</subfield>
    <subfield code="n"> Available from 1967 volume: 1 until 2000 volume: 34.</subfield>
    <subfield code="i">true</subfield>
    <subfield code="S">6249244980008056</subfield>
    <subfield code="d">https://hbz-network.userservices.exlibrisgroup.com/view/uresolver/49HBZ_NETWORK/openurl?u.ignore_date_coverage=true&amp;rft.mms_id=991008985733308056</subfield>
    <subfield code="b">Available</subfield>
    <subfield code="f">JOURNAL</subfield>
    <subfield code="8">5350644950008056</subfield>
  </datafield>
  <datafield tag="POC" ind1=" " ind2=" ">
    <subfield code="a">5350644950008056</subfield>
    <subfield code="b">1967</subfield>
    <subfield code="c">2000</subfield>
    <subfield code="d">1</subfield>
    <subfield code="e">12</subfield>
    <subfield code="f">1</subfield>
    <subfield code="g">31</subfield>
    <subfield code="h">1</subfield>
    <subfield code="i">34</subfield>
  </datafield>
  <datafield tag="POR" ind1=" " ind2=" ">
    <subfield code="j">EBSCOhost</subfield>
    <subfield code="x">System</subfield>
    <subfield code="a">5341274050006468</subfield>
    <subfield code="M">49HBZ_OWL</subfield>
    <subfield code="p">6140784010006468</subfield>
    <subfield code="q">EBSCOhost Business Source Premier</subfield>
    <subfield code="c">param</subfield>
    <subfield code="o">61110975593244095</subfield>
    <subfield code="y">2023-07-18 17:27:10 Europe/Berlin</subfield>
    <subfield code="w">2023-07-18 17:26:53 Europe/Berlin</subfield>
    <subfield code="D">https://eu04.alma.exlibrisgroup.com/view/uresolver/49HBZ_NETWORK/openurl?u.ignore_date_coverage=true&amp;portfolio_pid=5341274050006468&amp;Force_direct=true</subfield>
    <subfield code="v">NON_SFX_CREATOR</subfield>
    <subfield code="z">2023-07-18 15:26:53</subfield>
    <subfield code="n"> Available from 01/02/1997. Most recent 1 year(s) 6 month(s) not available.</subfield>
    <subfield code="i">false</subfield>
    <subfield code="t">B24-608</subfield>
    <subfield code="S">6240784000006468</subfield>
    <subfield code="d">https://hbz-network.userservices.exlibrisgroup.com/view/uresolver/49HBZ_NETWORK/openurl?u.ignore_date_coverage=true&amp;rft.mms_id=991004336956206468</subfield>
    <subfield code="b">Available</subfield>
    <subfield code="f">JOURNAL</subfield>
    <subfield code="8">5341274050006468</subfield>
  </datafield>
  <datafield tag="POC" ind1=" " ind2=" ">
    <subfield code="a">5341274050006468</subfield>
    <subfield code="b">1997</subfield>
    <subfield code="d">2</subfield>
    <subfield code="f">1</subfield>
  </datafield>
  <datafield tag="POE" ind1=" " ind2=" ">
    <subfield code="a">5341274050006468</subfield>
    <subfield code="b">&gt;=</subfield>
    <subfield code="c">1</subfield>
    <subfield code="d">6</subfield>
  </datafield>
  <datafield tag="POR" ind1=" " ind2=" ">
    <subfield code="j">Taylor and Francis Online</subfield>
    <subfield code="x">System</subfield>
    <subfield code="a">5341858550006468</subfield>
    <subfield code="M">49HBZ_OWL</subfield>
    <subfield code="p">6140783260006468</subfield>
    <subfield code="q">EZB-NALII-00478 Taylor and Francis Archive NL</subfield>
    <subfield code="c">param</subfield>
    <subfield code="o">613790000000000576</subfield>
    <subfield code="y">2023-07-18 17:29:59 Europe/Berlin</subfield>
    <subfield code="w">2023-07-18 17:29:46 Europe/Berlin</subfield>
    <subfield code="D">https://eu04.alma.exlibrisgroup.com/view/uresolver/49HBZ_NETWORK/openurl?u.ignore_date_coverage=true&amp;portfolio_pid=5341858550006468&amp;Force_direct=true</subfield>
    <subfield code="v">NON_SFX_CREATOR</subfield>
    <subfield code="z">2023-07-18 15:29:46</subfield>
    <subfield code="n"> Available from 1967 volume: 1 until 2000 volume: 34.</subfield>
    <subfield code="i">false</subfield>
    <subfield code="S">6240783250006468</subfield>
    <subfield code="d">https://hbz-network.userservices.exlibrisgroup.com/view/uresolver/49HBZ_NETWORK/openurl?u.ignore_date_coverage=true&amp;rft.mms_id=991004336956206468</subfield>
    <subfield code="b">Available</subfield>
    <subfield code="f">JOURNAL</subfield>
    <subfield code="8">5341858550006468</subfield>
  </datafield>
  <datafield tag="POC" ind1=" " ind2=" ">
    <subfield code="a">5341858550006468</subfield>
    <subfield code="b">1967</subfield>
    <subfield code="c">2000</subfield>
    <subfield code="d">1</subfield>
    <subfield code="e">12</subfield>
    <subfield code="f">1</subfield>
    <subfield code="g">31</subfield>
    <subfield code="h">1</subfield>
    <subfield code="i">34</subfield>
  </datafield>
  <datafield tag="POR" ind1=" " ind2=" ">
    <subfield code="j">Taylor and Francis Online</subfield>
    <subfield code="x">System</subfield>
    <subfield code="a">5335364730006479</subfield>
    <subfield code="h">DEFAULT</subfield>
    <subfield code="M">49HBZ_RHW</subfield>
    <subfield code="p">6135333130006479</subfield>
    <subfield code="q">EZB-TANDF-00219 Taylor &amp; Francis SSH</subfield>
    <subfield code="c">param</subfield>
    <subfield code="o">615490000000001244</subfield>
    <subfield code="y">2024-04-25 08:52:58 Europe/Berlin</subfield>
    <subfield code="w">2024-04-25 08:52:58 Europe/Berlin</subfield>
    <subfield code="D">https://eu04.alma.exlibrisgroup.com/view/uresolver/49HBZ_NETWORK/openurl?u.ignore_date_coverage=true&amp;portfolio_pid=5335364730006479&amp;Force_direct=true</subfield>
    <subfield code="v">System</subfield>
    <subfield code="z">2024-04-25 06:52:58</subfield>
    <subfield code="n"> Available from 1995 volume: 29 issue: 1.</subfield>
    <subfield code="i">true</subfield>
    <subfield code="S">6235333120006479</subfield>
    <subfield code="d">https://hbz-network.userservices.exlibrisgroup.com/view/uresolver/49HBZ_NETWORK/openurl?u.ignore_date_coverage=true&amp;rft.mms_id=991002747000606479</subfield>
    <subfield code="b">Available</subfield>
    <subfield code="f">JOURNAL</subfield>
    <subfield code="8">5335364730006479</subfield>
  </datafield>
  <datafield tag="POC" ind1=" " ind2=" ">
    <subfield code="a">5335364730006479</subfield>
    <subfield code="b">1995</subfield>
    <subfield code="d">1</subfield>
    <subfield code="f">1</subfield>
    <subfield code="h">29</subfield>
    <subfield code="j">1</subfield>
  </datafield>
  <datafield tag="POR" ind1=" " ind2=" ">
    <subfield code="j">EBSCOhost</subfield>
    <subfield code="x">System</subfield>
    <subfield code="a">5329072750006479</subfield>
    <subfield code="h">DEFAULT</subfield>
    <subfield code="M">49HBZ_RHW</subfield>
    <subfield code="p">6128183160006479</subfield>
    <subfield code="q">EBSCOhost Business Source Ultimate</subfield>
    <subfield code="c">param</subfield>
    <subfield code="o">613860000000000650</subfield>
    <subfield code="y">2023-12-04 10:46:03 Europe/Berlin</subfield>
    <subfield code="w">2023-12-04 10:46:03 Europe/Berlin</subfield>
    <subfield code="D">https://eu04.alma.exlibrisgroup.com/view/uresolver/49HBZ_NETWORK/openurl?u.ignore_date_coverage=true&amp;portfolio_pid=5329072750006479&amp;Force_direct=true</subfield>
    <subfield code="v">System</subfield>
    <subfield code="z">2023-12-04 09:46:03</subfield>
    <subfield code="n"> Available from 01/02/1997. Most recent 1 year(s) 6 month(s) not available.</subfield>
    <subfield code="i">true</subfield>
    <subfield code="S">6228183150006479</subfield>
    <subfield code="d">https://hbz-network.userservices.exlibrisgroup.com/view/uresolver/49HBZ_NETWORK/openurl?u.ignore_date_coverage=true&amp;rft.mms_id=991002747000606479</subfield>
    <subfield code="b">Available</subfield>
    <subfield code="f">JOURNAL</subfield>
    <subfield code="8">5329072750006479</subfield>
  </datafield>
  <datafield tag="POC" ind1=" " ind2=" ">
    <subfield code="a">5329072750006479</subfield>
    <subfield code="b">1997</subfield>
    <subfield code="d">2</subfield>
    <subfield code="f">1</subfield>
  </datafield>
  <datafield tag="POE" ind1=" " ind2=" ">
    <subfield code="a">5329072750006479</subfield>
    <subfield code="b">&gt;=</subfield>
    <subfield code="c">1</subfield>
    <subfield code="d">6</subfield>
  </datafield>
  <datafield tag="POR" ind1=" " ind2=" ">
    <subfield code="j">Taylor and Francis Online</subfield>
    <subfield code="x">System</subfield>
    <subfield code="a">5318912650006479</subfield>
    <subfield code="h">DEFAULT</subfield>
    <subfield code="M">49HBZ_RHW</subfield>
    <subfield code="p">6118025620006479</subfield>
    <subfield code="q">EZB-NALII-00478 Taylor and Francis Archive NL</subfield>
    <subfield code="c">param</subfield>
    <subfield code="o">613790000000000576</subfield>
    <subfield code="y">2023-08-14 15:50:10 Europe/Berlin</subfield>
    <subfield code="w">2023-08-14 15:49:58 Europe/Berlin</subfield>
    <subfield code="D">https://eu04.alma.exlibrisgroup.com/view/uresolver/49HBZ_NETWORK/openurl?u.ignore_date_coverage=true&amp;portfolio_pid=5318912650006479&amp;Force_direct=true</subfield>
    <subfield code="v">NON_SFX_CREATOR</subfield>
    <subfield code="z">2023-08-14 13:49:58</subfield>
    <subfield code="n"> Available from 1967 volume: 1 until 2000 volume: 34.</subfield>
    <subfield code="i">true</subfield>
    <subfield code="S">6218025610006479</subfield>
    <subfield code="d">https://hbz-network.userservices.exlibrisgroup.com/view/uresolver/49HBZ_NETWORK/openurl?u.ignore_date_coverage=true&amp;rft.mms_id=991002747000606479</subfield>
    <subfield code="b">Available</subfield>
    <subfield code="f">JOURNAL</subfield>
    <subfield code="8">5318912650006479</subfield>
  </datafield>
  <datafield tag="POC" ind1=" " ind2=" ">
    <subfield code="a">5318912650006479</subfield>
    <subfield code="b">1967</subfield>
    <subfield code="c">2000</subfield>
    <subfield code="d">1</subfield>
    <subfield code="e">12</subfield>
    <subfield code="f">1</subfield>
    <subfield code="g">31</subfield>
    <subfield code="h">1</subfield>
    <subfield code="i">34</subfield>
  </datafield>
  <datafield tag="POR" ind1=" " ind2=" ">
    <subfield code="j">Taylor and Francis Online</subfield>
    <subfield code="x">System</subfield>
    <subfield code="a">53101756250006483</subfield>
    <subfield code="h">DEFAULT</subfield>
    <subfield code="M">49HBZ_EVH</subfield>
    <subfield code="p">61101322390006483</subfield>
    <subfield code="q">EZB-NALII-00478 Taylor and Francis Archive NL</subfield>
    <subfield code="c">param</subfield>
    <subfield code="o">613790000000000576</subfield>
    <subfield code="y">2023-08-17 15:43:57 Europe/Berlin</subfield>
    <subfield code="w">2023-08-17 15:43:42 Europe/Berlin</subfield>
    <subfield code="D">https://eu04.alma.exlibrisgroup.com/view/uresolver/49HBZ_NETWORK/openurl?u.ignore_date_coverage=true&amp;portfolio_pid=53101756250006483&amp;Force_direct=true</subfield>
    <subfield code="v">NON_SFX_CREATOR</subfield>
    <subfield code="z">2023-08-17 13:43:42</subfield>
    <subfield code="n"> Available from 1967 volume: 1 until 2000 volume: 34.</subfield>
    <subfield code="i">true</subfield>
    <subfield code="S">62101322380006483</subfield>
    <subfield code="d">https://hbz-network.userservices.exlibrisgroup.com/view/uresolver/49HBZ_NETWORK/openurl?u.ignore_date_coverage=true&amp;rft.mms_id=991001318366806483</subfield>
    <subfield code="b">Available</subfield>
    <subfield code="f">JOURNAL</subfield>
    <subfield code="8">53101756250006483</subfield>
  </datafield>
  <datafield tag="POC" ind1=" " ind2=" ">
    <subfield code="a">53101756250006483</subfield>
    <subfield code="b">1967</subfield>
    <subfield code="c">2000</subfield>
    <subfield code="d">1</subfield>
    <subfield code="e">12</subfield>
    <subfield code="f">1</subfield>
    <subfield code="g">31</subfield>
    <subfield code="h">1</subfield>
    <subfield code="i">34</subfield>
  </datafield>
  <datafield tag="POR" ind1=" " ind2=" ">
    <subfield code="j">EBSCOhost</subfield>
    <subfield code="x">System</subfield>
    <subfield code="a">5323683400006453</subfield>
    <subfield code="h">DEFAULT</subfield>
    <subfield code="M">49HBZ_RUW</subfield>
    <subfield code="p">6122722090006453</subfield>
    <subfield code="q">EBSCOhost Business Source Premier</subfield>
    <subfield code="c">param</subfield>
    <subfield code="o">61110975593244095</subfield>
    <subfield code="y">2022-07-17 12:59:02 Europe/Berlin</subfield>
    <subfield code="w">2022-07-17 12:58:56 Europe/Berlin</subfield>
    <subfield code="D">https://eu04.alma.exlibrisgroup.com/view/uresolver/49HBZ_NETWORK/openurl?u.ignore_date_coverage=true&amp;portfolio_pid=5323683400006453&amp;Force_direct=true</subfield>
    <subfield code="v">NON_SFX_CREATOR</subfield>
    <subfield code="z">2022-07-17 10:58:56</subfield>
    <subfield code="n"> Available from 01/02/1997. Most recent 1 year(s) 6 month(s) not available.</subfield>
    <subfield code="i">true</subfield>
    <subfield code="S">6222722080006453</subfield>
    <subfield code="d">https://hbz-network.userservices.exlibrisgroup.com/view/uresolver/49HBZ_NETWORK/openurl?u.ignore_date_coverage=true&amp;rft.mms_id=991004113651406453</subfield>
    <subfield code="b">Available</subfield>
    <subfield code="f">JOURNAL</subfield>
    <subfield code="8">5323683400006453</subfield>
  </datafield>
  <datafield tag="POC" ind1=" " ind2=" ">
    <subfield code="a">5323683400006453</subfield>
    <subfield code="b">1997</subfield>
    <subfield code="d">2</subfield>
    <subfield code="f">1</subfield>
  </datafield>
  <datafield tag="POE" ind1=" " ind2=" ">
    <subfield code="a">5323683400006453</subfield>
    <subfield code="b">&gt;=</subfield>
    <subfield code="c">1</subfield>
    <subfield code="d">6</subfield>
  </datafield>
  <datafield tag="POR" ind1=" " ind2=" ">
    <subfield code="j">Taylor and Francis Online</subfield>
    <subfield code="x">System</subfield>
    <subfield code="a">5324088740006453</subfield>
    <subfield code="h">DEFAULT</subfield>
    <subfield code="M">49HBZ_RUW</subfield>
    <subfield code="p">6122720920006453</subfield>
    <subfield code="q">EZB-NALII-00478 Taylor and Francis Archive NL</subfield>
    <subfield code="c">param</subfield>
    <subfield code="o">613790000000000576</subfield>
    <subfield code="y">2022-07-17 13:00:29 Europe/Berlin</subfield>
    <subfield code="w">2022-07-17 13:00:23 Europe/Berlin</subfield>
    <subfield code="D">https://eu04.alma.exlibrisgroup.com/view/uresolver/49HBZ_NETWORK/openurl?u.ignore_date_coverage=true&amp;portfolio_pid=5324088740006453&amp;Force_direct=true</subfield>
    <subfield code="v">NON_SFX_CREATOR</subfield>
    <subfield code="z">2022-07-17 11:00:23</subfield>
    <subfield code="n"> Available from 1967 volume: 1 until 2000 volume: 34.</subfield>
    <subfield code="i">true</subfield>
    <subfield code="S">6222720910006453</subfield>
    <subfield code="d">https://hbz-network.userservices.exlibrisgroup.com/view/uresolver/49HBZ_NETWORK/openurl?u.ignore_date_coverage=true&amp;rft.mms_id=991004113651406453</subfield>
    <subfield code="b">Available</subfield>
    <subfield code="f">JOURNAL</subfield>
    <subfield code="8">5324088740006453</subfield>
  </datafield>
  <datafield tag="POC" ind1=" " ind2=" ">
    <subfield code="a">5324088740006453</subfield>
    <subfield code="b">1967</subfield>
    <subfield code="c">2000</subfield>
    <subfield code="d">1</subfield>
    <subfield code="e">12</subfield>
    <subfield code="f">1</subfield>
    <subfield code="g">31</subfield>
    <subfield code="h">1</subfield>
    <subfield code="i">34</subfield>
  </datafield>
  <datafield tag="POR" ind1=" " ind2=" ">
    <subfield code="j">EBSCOhost</subfield>
    <subfield code="x">System</subfield>
    <subfield code="a">5317000270008977</subfield>
    <subfield code="M">49HBZ_HSW</subfield>
    <subfield code="p">6115369880008977</subfield>
    <subfield code="q">EBSCOhost Business Source Premier</subfield>
    <subfield code="c">param</subfield>
    <subfield code="o">61110975593244095</subfield>
    <subfield code="y">2024-09-22 09:42:18 Europe/Berlin</subfield>
    <subfield code="w">2024-09-22 09:42:13 Europe/Berlin</subfield>
    <subfield code="D">https://eu04.alma.exlibrisgroup.com/view/uresolver/49HBZ_NETWORK/openurl?u.ignore_date_coverage=true&amp;portfolio_pid=5317000270008977&amp;Force_direct=true</subfield>
    <subfield code="v">NON_SFX_CREATOR</subfield>
    <subfield code="z">2024-09-22 07:42:13</subfield>
    <subfield code="n"> Available from 01/02/1997. Most recent 1 year(s) 6 month(s) not available.</subfield>
    <subfield code="i">false</subfield>
    <subfield code="S">6215369870008977</subfield>
    <subfield code="d">https://hbz-network.userservices.exlibrisgroup.com/view/uresolver/49HBZ_NETWORK/openurl?u.ignore_date_coverage=true&amp;rft.mms_id=991000809591508977</subfield>
    <subfield code="b">Available</subfield>
    <subfield code="f">JOURNAL</subfield>
    <subfield code="8">5317000270008977</subfield>
  </datafield>
  <datafield tag="POC" ind1=" " ind2=" ">
    <subfield code="a">5317000270008977</subfield>
    <subfield code="b">1997</subfield>
    <subfield code="d">2</subfield>
    <subfield code="f">1</subfield>
  </datafield>
  <datafield tag="POE" ind1=" " ind2=" ">
    <subfield code="a">5317000270008977</subfield>
    <subfield code="b">&gt;=</subfield>
    <subfield code="c">1</subfield>
    <subfield code="d">6</subfield>
  </datafield>
  <datafield tag="POR" ind1=" " ind2=" ">
    <subfield code="j">Taylor and Francis Online</subfield>
    <subfield code="x">System</subfield>
    <subfield code="a">5316323540008977</subfield>
    <subfield code="M">49HBZ_HSW</subfield>
    <subfield code="p">6115368770008977</subfield>
    <subfield code="q">EZB-NALII-00478 Taylor and Francis Archive NL</subfield>
    <subfield code="c">param</subfield>
    <subfield code="o">613790000000000576</subfield>
    <subfield code="y">2024-09-22 09:39:33 Europe/Berlin</subfield>
    <subfield code="w">2024-09-22 09:39:24 Europe/Berlin</subfield>
    <subfield code="D">https://eu04.alma.exlibrisgroup.com/view/uresolver/49HBZ_NETWORK/openurl?u.ignore_date_coverage=true&amp;portfolio_pid=5316323540008977&amp;Force_direct=true</subfield>
    <subfield code="v">NON_SFX_CREATOR</subfield>
    <subfield code="z">2024-09-22 07:39:24</subfield>
    <subfield code="n"> Available from 1967 volume: 1 until 2000 volume: 34.</subfield>
    <subfield code="i">false</subfield>
    <subfield code="S">6215368760008977</subfield>
    <subfield code="d">https://hbz-network.userservices.exlibrisgroup.com/view/uresolver/49HBZ_NETWORK/openurl?u.ignore_date_coverage=true&amp;rft.mms_id=991000809591508977</subfield>
    <subfield code="b">Available</subfield>
    <subfield code="f">JOURNAL</subfield>
    <subfield code="8">5316323540008977</subfield>
  </datafield>
  <datafield tag="POC" ind1=" " ind2=" ">
    <subfield code="a">5316323540008977</subfield>
    <subfield code="b">1967</subfield>
    <subfield code="c">2000</subfield>
    <subfield code="d">1</subfield>
    <subfield code="e">12</subfield>
    <subfield code="f">1</subfield>
    <subfield code="g">31</subfield>
    <subfield code="h">1</subfield>
    <subfield code="i">34</subfield>
  </datafield>
  <datafield tag="POR" ind1=" " ind2=" ">
    <subfield code="j">Taylor and Francis Online</subfield>
    <subfield code="x">System</subfield>
    <subfield code="a">5319747220006481</subfield>
    <subfield code="M">49HBZ_HGB</subfield>
    <subfield code="p">6119709760006481</subfield>
    <subfield code="q">EZB-NALII-00478 Taylor and Francis Archive NL</subfield>
    <subfield code="c">param</subfield>
    <subfield code="o">613790000000000576</subfield>
    <subfield code="y">2023-07-17 18:11:44 Europe/Berlin</subfield>
    <subfield code="w">2023-07-17 18:11:31 Europe/Berlin</subfield>
    <subfield code="D">https://eu04.alma.exlibrisgroup.com/view/uresolver/49HBZ_NETWORK/openurl?u.ignore_date_coverage=true&amp;portfolio_pid=5319747220006481&amp;Force_direct=true</subfield>
    <subfield code="v">NON_SFX_CREATOR</subfield>
    <subfield code="z">2023-07-17 16:11:31</subfield>
    <subfield code="n"> Available from 1967 volume: 1 until 2000 volume: 34.</subfield>
    <subfield code="i">false</subfield>
    <subfield code="S">6219709750006481</subfield>
    <subfield code="d">https://hbz-network.userservices.exlibrisgroup.com/view/uresolver/49HBZ_NETWORK/openurl?u.ignore_date_coverage=true&amp;rft.mms_id=991000892552206481</subfield>
    <subfield code="b">Available</subfield>
    <subfield code="f">JOURNAL</subfield>
    <subfield code="8">5319747220006481</subfield>
  </datafield>
  <datafield tag="POC" ind1=" " ind2=" ">
    <subfield code="a">5319747220006481</subfield>
    <subfield code="b">1967</subfield>
    <subfield code="c">2000</subfield>
    <subfield code="d">1</subfield>
    <subfield code="e">12</subfield>
    <subfield code="f">1</subfield>
    <subfield code="g">31</subfield>
    <subfield code="h">1</subfield>
    <subfield code="i">34</subfield>
  </datafield>
  <datafield tag="POR" ind1=" " ind2=" ">
    <subfield code="j">Taylor and Francis Online</subfield>
    <subfield code="x">System</subfield>
    <subfield code="a">5331771010006474</subfield>
    <subfield code="M">49HBZ_KHO</subfield>
    <subfield code="p">6131357890006474</subfield>
    <subfield code="q">EZB-NALII-00478 Taylor and Francis Archive NL</subfield>
    <subfield code="c">param</subfield>
    <subfield code="o">613790000000000576</subfield>
    <subfield code="y">2023-07-26 11:56:33 Europe/Berlin</subfield>
    <subfield code="w">2023-07-26 11:56:14 Europe/Berlin</subfield>
    <subfield code="D">https://eu04.alma.exlibrisgroup.com/view/uresolver/49HBZ_NETWORK/openurl?u.ignore_date_coverage=true&amp;portfolio_pid=5331771010006474&amp;Force_direct=true</subfield>
    <subfield code="v">NON_SFX_CREATOR</subfield>
    <subfield code="z">2023-07-26 09:56:14</subfield>
    <subfield code="n"> Available from 1967 volume: 1 until 2000 volume: 34.</subfield>
    <subfield code="i">false</subfield>
    <subfield code="S">6231357880006474</subfield>
    <subfield code="d">https://hbz-network.userservices.exlibrisgroup.com/view/uresolver/49HBZ_NETWORK/openurl?u.ignore_date_coverage=true&amp;rft.mms_id=991007152283806474</subfield>
    <subfield code="b">Available</subfield>
    <subfield code="f">JOURNAL</subfield>
    <subfield code="8">5331771010006474</subfield>
  </datafield>
  <datafield tag="POC" ind1=" " ind2=" ">
    <subfield code="a">5331771010006474</subfield>
    <subfield code="b">1967</subfield>
    <subfield code="c">2000</subfield>
    <subfield code="d">1</subfield>
    <subfield code="e">12</subfield>
    <subfield code="f">1</subfield>
    <subfield code="g">31</subfield>
    <subfield code="h">1</subfield>
    <subfield code="i">34</subfield>
  </datafield>
  <datafield tag="POR" ind1=" " ind2=" ">
    <subfield code="j">Taylor and Francis Online</subfield>
    <subfield code="x">System</subfield>
    <subfield code="a">53218140730008973</subfield>
    <subfield code="M">49HBZ_LBZ</subfield>
    <subfield code="p">61217658180008973</subfield>
    <subfield code="q">EZB-NALII-00478 Taylor and Francis Archive NL</subfield>
    <subfield code="c">param</subfield>
    <subfield code="o">613790000000000576</subfield>
    <subfield code="y">2024-09-15 17:52:58 Europe/Berlin</subfield>
    <subfield code="w">2024-09-15 17:52:51 Europe/Berlin</subfield>
    <subfield code="D">https://eu04.alma.exlibrisgroup.com/view/uresolver/49HBZ_NETWORK/openurl?u.ignore_date_coverage=true&amp;portfolio_pid=53218140730008973&amp;Force_direct=true</subfield>
    <subfield code="v">NON_SFX_CREATOR</subfield>
    <subfield code="z">2024-09-15 15:52:51</subfield>
    <subfield code="n"> Available from 1967 volume: 1 until 2000 volume: 34.</subfield>
    <subfield code="i">false</subfield>
    <subfield code="S">62217658170008973</subfield>
    <subfield code="d">https://hbz-network.userservices.exlibrisgroup.com/view/uresolver/49HBZ_NETWORK/openurl?u.ignore_date_coverage=true&amp;rft.mms_id=991019788355808973</subfield>
    <subfield code="b">Available</subfield>
    <subfield code="f">JOURNAL</subfield>
    <subfield code="8">53218140730008973</subfield>
  </datafield>
  <datafield tag="POC" ind1=" " ind2=" ">
    <subfield code="a">53218140730008973</subfield>
    <subfield code="b">1967</subfield>
    <subfield code="c">2000</subfield>
    <subfield code="d">1</subfield>
    <subfield code="e">12</subfield>
    <subfield code="f">1</subfield>
    <subfield code="g">31</subfield>
    <subfield code="h">1</subfield>
    <subfield code="i">34</subfield>
  </datafield>
  <datafield tag="POR" ind1=" " ind2=" ">
    <subfield code="j">EBSCOhost</subfield>
    <subfield code="x">System</subfield>
    <subfield code="a">53220349070008973</subfield>
    <subfield code="M">49HBZ_LBZ</subfield>
    <subfield code="p">61218948600008973</subfield>
    <subfield code="q">Business source ultimate </subfield>
    <subfield code="c">param</subfield>
    <subfield code="o">613860000000000650</subfield>
    <subfield code="y">2024-10-23 16:25:24 Europe/Berlin</subfield>
    <subfield code="w">2024-10-23 16:25:24 Europe/Berlin</subfield>
    <subfield code="D">https://eu04.alma.exlibrisgroup.com/view/uresolver/49HBZ_NETWORK/openurl?u.ignore_date_coverage=true&amp;portfolio_pid=53220349070008973&amp;Force_direct=true</subfield>
    <subfield code="v">System</subfield>
    <subfield code="z">2024-10-23 14:25:24</subfield>
    <subfield code="n"> Available from 01/02/1997. Most recent 1 year(s) 6 month(s) not available.</subfield>
    <subfield code="i">false</subfield>
    <subfield code="S">62218948590008973</subfield>
    <subfield code="d">https://hbz-network.userservices.exlibrisgroup.com/view/uresolver/49HBZ_NETWORK/openurl?u.ignore_date_coverage=true&amp;rft.mms_id=991019788355808973</subfield>
    <subfield code="b">Available</subfield>
    <subfield code="f">JOURNAL</subfield>
    <subfield code="8">53220349070008973</subfield>
  </datafield>
  <datafield tag="POC" ind1=" " ind2=" ">
    <subfield code="a">53220349070008973</subfield>
    <subfield code="b">1997</subfield>
    <subfield code="d">2</subfield>
    <subfield code="f">1</subfield>
  </datafield>
  <datafield tag="POE" ind1=" " ind2=" ">
    <subfield code="a">53220349070008973</subfield>
    <subfield code="b">&gt;=</subfield>
    <subfield code="c">1</subfield>
    <subfield code="d">6</subfield>
  </datafield>
  <datafield tag="POR" ind1=" " ind2=" ">
    <subfield code="j">EBSCOhost</subfield>
    <subfield code="x">System</subfield>
    <subfield code="a">53129231250007476</subfield>
    <subfield code="M">49HBZ_RTU</subfield>
    <subfield code="p">61128987020007476</subfield>
    <subfield code="q">EBSCOhost Business Source Ultimate</subfield>
    <subfield code="c">param</subfield>
    <subfield code="o">613860000000000650</subfield>
    <subfield code="y">2024-01-29 10:20:45 Europe/Berlin</subfield>
    <subfield code="w">2024-01-29 10:20:45 Europe/Berlin</subfield>
    <subfield code="D">https://eu04.alma.exlibrisgroup.com/view/uresolver/49HBZ_NETWORK/openurl?u.ignore_date_coverage=true&amp;portfolio_pid=53129231250007476&amp;Force_direct=true</subfield>
    <subfield code="v">System</subfield>
    <subfield code="z">2024-01-29 09:20:45</subfield>
    <subfield code="n"> Available from 01/02/1997. Most recent 1 year(s) 6 month(s) not available.</subfield>
    <subfield code="i">false</subfield>
    <subfield code="t">POL-2024-5200</subfield>
    <subfield code="S">62128987010007476</subfield>
    <subfield code="d">https://hbz-network.userservices.exlibrisgroup.com/view/uresolver/49HBZ_NETWORK/openurl?u.ignore_date_coverage=true&amp;rft.mms_id=992022011790207476</subfield>
    <subfield code="b">Available</subfield>
    <subfield code="f">JOURNAL</subfield>
    <subfield code="8">53129231250007476</subfield>
  </datafield>
  <datafield tag="POC" ind1=" " ind2=" ">
    <subfield code="a">53129231250007476</subfield>
    <subfield code="b">1997</subfield>
    <subfield code="d">2</subfield>
    <subfield code="f">1</subfield>
  </datafield>
  <datafield tag="POE" ind1=" " ind2=" ">
    <subfield code="a">53129231250007476</subfield>
    <subfield code="b">&gt;=</subfield>
    <subfield code="c">1</subfield>
    <subfield code="d">6</subfield>
  </datafield>
  <datafield tag="POR" ind1=" " ind2=" ">
    <subfield code="j">Taylor and Francis Online</subfield>
    <subfield code="x">System</subfield>
    <subfield code="a">53110447260007476</subfield>
    <subfield code="M">49HBZ_RTU</subfield>
    <subfield code="p">61109387630007476</subfield>
    <subfield code="q">EZB-NALII-00478 Taylor and Francis Archive NL</subfield>
    <subfield code="c">param</subfield>
    <subfield code="B">ggf. prüfen wegen Links über TIB</subfield>
    <subfield code="o">613790000000000576</subfield>
    <subfield code="y">2022-07-13 11:45:52 Europe/Berlin</subfield>
    <subfield code="w">2022-07-13 11:45:46 Europe/Berlin</subfield>
    <subfield code="D">https://eu04.alma.exlibrisgroup.com/view/uresolver/49HBZ_NETWORK/openurl?u.ignore_date_coverage=true&amp;portfolio_pid=53110447260007476&amp;Force_direct=true</subfield>
    <subfield code="v">NON_SFX_CREATOR</subfield>
    <subfield code="z">2022-07-13 09:45:46</subfield>
    <subfield code="n"> Available from 1967 volume: 1 until 2000 volume: 34.</subfield>
    <subfield code="i">false</subfield>
    <subfield code="S">62109387620007476</subfield>
    <subfield code="d">https://hbz-network.userservices.exlibrisgroup.com/view/uresolver/49HBZ_NETWORK/openurl?u.ignore_date_coverage=true&amp;rft.mms_id=992022011790207476</subfield>
    <subfield code="b">Available</subfield>
    <subfield code="f">JOURNAL</subfield>
    <subfield code="8">53110447260007476</subfield>
  </datafield>
  <datafield tag="POC" ind1=" " ind2=" ">
    <subfield code="a">53110447260007476</subfield>
    <subfield code="b">1967</subfield>
    <subfield code="c">2000</subfield>
    <subfield code="d">1</subfield>
    <subfield code="e">12</subfield>
    <subfield code="f">1</subfield>
    <subfield code="g">31</subfield>
    <subfield code="h">1</subfield>
    <subfield code="i">34</subfield>
  </datafield>
  <datafield tag="POR" ind1=" " ind2=" ">
    <subfield code="j">Taylor and Francis Online</subfield>
    <subfield code="x">UBID-EEQLFF6W</subfield>
    <subfield code="a">53266691730006448</subfield>
    <subfield code="M">49HBZ_UBA</subfield>
    <subfield code="p">61265749930006448</subfield>
    <subfield code="q">Taylor &amp; Francis Journals Complete</subfield>
    <subfield code="c">param</subfield>
    <subfield code="o">611000000000001432</subfield>
    <subfield code="y">2023-11-10 12:29:49 Europe/Berlin</subfield>
    <subfield code="w">2022-07-21 07:30:21 Europe/Berlin</subfield>
    <subfield code="D">https://eu04.alma.exlibrisgroup.com/view/uresolver/49HBZ_NETWORK/openurl?u.ignore_date_coverage=true&amp;portfolio_pid=53266691730006448&amp;Force_direct=true</subfield>
    <subfield code="v">NON_SFX_CREATOR</subfield>
    <subfield code="z">2022-07-21 10:52:14</subfield>
    <subfield code="n"> Most recent 21 year(s) available.</subfield>
    <subfield code="i">false</subfield>
    <subfield code="t">EZ-731</subfield>
    <subfield code="S">62265749920006448</subfield>
    <subfield code="d">https://hbz-network.userservices.exlibrisgroup.com/view/uresolver/49HBZ_NETWORK/openurl?u.ignore_date_coverage=true&amp;rft.mms_id=991025969618906448</subfield>
    <subfield code="b">Available</subfield>
    <subfield code="f">JOURNAL</subfield>
    <subfield code="8">53266691730006448</subfield>
  </datafield>
  <datafield tag="POE" ind1=" " ind2=" ">
    <subfield code="a">53266691730006448</subfield>
    <subfield code="b">&lt;=</subfield>
    <subfield code="c">21</subfield>
  </datafield>
  <datafield tag="POR" ind1=" " ind2=" ">
    <subfield code="j">Taylor and Francis Online</subfield>
    <subfield code="x">System</subfield>
    <subfield code="a">53266423210006448</subfield>
    <subfield code="M">49HBZ_UBA</subfield>
    <subfield code="p">61265755000006448</subfield>
    <subfield code="q">EZB-NALII-00478 Taylor and Francis Archive NL</subfield>
    <subfield code="c">param</subfield>
    <subfield code="o">613790000000000576</subfield>
    <subfield code="y">2022-07-21 07:28:52 Europe/Berlin</subfield>
    <subfield code="w">2022-07-21 07:28:47 Europe/Berlin</subfield>
    <subfield code="D">https://eu04.alma.exlibrisgroup.com/view/uresolver/49HBZ_NETWORK/openurl?u.ignore_date_coverage=true&amp;portfolio_pid=53266423210006448&amp;Force_direct=true</subfield>
    <subfield code="v">NON_SFX_CREATOR</subfield>
    <subfield code="z">2022-07-21 05:28:47</subfield>
    <subfield code="n"> Available from 1967 volume: 1 until 2000 volume: 34.</subfield>
    <subfield code="i">false</subfield>
    <subfield code="S">62265754990006448</subfield>
    <subfield code="d">https://hbz-network.userservices.exlibrisgroup.com/view/uresolver/49HBZ_NETWORK/openurl?u.ignore_date_coverage=true&amp;rft.mms_id=991025969618906448</subfield>
    <subfield code="b">Available</subfield>
    <subfield code="f">JOURNAL</subfield>
    <subfield code="8">53266423210006448</subfield>
  </datafield>
  <datafield tag="POC" ind1=" " ind2=" ">
    <subfield code="a">53266423210006448</subfield>
    <subfield code="b">1967</subfield>
    <subfield code="c">2000</subfield>
    <subfield code="d">1</subfield>
    <subfield code="e">12</subfield>
    <subfield code="f">1</subfield>
    <subfield code="g">31</subfield>
    <subfield code="h">1</subfield>
    <subfield code="i">34</subfield>
  </datafield>
  <datafield tag="POR" ind1=" " ind2=" ">
    <subfield code="j">EBSCOhost</subfield>
    <subfield code="x">System</subfield>
    <subfield code="a">53271093300006448</subfield>
    <subfield code="M">49HBZ_UBA</subfield>
    <subfield code="p">61270195870006448</subfield>
    <subfield code="q">EBSCOhost Business Source Premier</subfield>
    <subfield code="c">param</subfield>
    <subfield code="o">61110975593244095</subfield>
    <subfield code="y">2022-08-10 08:47:58 Europe/Berlin</subfield>
    <subfield code="w">2022-08-10 08:47:58 Europe/Berlin</subfield>
    <subfield code="D">https://eu04.alma.exlibrisgroup.com/view/uresolver/49HBZ_NETWORK/openurl?u.ignore_date_coverage=true&amp;portfolio_pid=53271093300006448&amp;Force_direct=true</subfield>
    <subfield code="v">System</subfield>
    <subfield code="z">2022-08-10 06:47:58</subfield>
    <subfield code="n"> Available from 01/02/1997. Most recent 1 year(s) 6 month(s) not available.</subfield>
    <subfield code="i">false</subfield>
    <subfield code="S">62270195860006448</subfield>
    <subfield code="d">https://hbz-network.userservices.exlibrisgroup.com/view/uresolver/49HBZ_NETWORK/openurl?u.ignore_date_coverage=true&amp;rft.mms_id=991025969618906448</subfield>
    <subfield code="b">Available</subfield>
    <subfield code="f">JOURNAL</subfield>
    <subfield code="8">53271093300006448</subfield>
  </datafield>
  <datafield tag="POC" ind1=" " ind2=" ">
    <subfield code="a">53271093300006448</subfield>
    <subfield code="b">1997</subfield>
    <subfield code="d">2</subfield>
    <subfield code="f">1</subfield>
  </datafield>
  <datafield tag="POE" ind1=" " ind2=" ">
    <subfield code="a">53271093300006448</subfield>
    <subfield code="b">&gt;=</subfield>
    <subfield code="c">1</subfield>
    <subfield code="d">6</subfield>
  </datafield>
  <datafield tag="POR" ind1=" " ind2=" ">
    <subfield code="j">EBSCOhost</subfield>
    <subfield code="x">System</subfield>
    <subfield code="a">5352115680006477</subfield>
    <subfield code="M">49HBZ_THK</subfield>
    <subfield code="p">6151428220006477</subfield>
    <subfield code="q">EBSCOhost Business Source Premier</subfield>
    <subfield code="c">param</subfield>
    <subfield code="o">61110975593244095</subfield>
    <subfield code="y">2023-08-17 23:17:42 Europe/Berlin</subfield>
    <subfield code="w">2023-08-17 23:17:25 Europe/Berlin</subfield>
    <subfield code="D">https://eu04.alma.exlibrisgroup.com/view/uresolver/49HBZ_NETWORK/openurl?u.ignore_date_coverage=true&amp;portfolio_pid=5352115680006477&amp;Force_direct=true</subfield>
    <subfield code="v">NON_SFX_CREATOR</subfield>
    <subfield code="z">2023-08-17 21:17:25</subfield>
    <subfield code="n"> Available from 01/02/1997. Most recent 1 year(s) 6 month(s) not available.</subfield>
    <subfield code="i">false</subfield>
    <subfield code="S">6251428210006477</subfield>
    <subfield code="d">https://hbz-network.userservices.exlibrisgroup.com/view/uresolver/49HBZ_NETWORK/openurl?u.ignore_date_coverage=true&amp;rft.mms_id=991008474741006477</subfield>
    <subfield code="b">Available</subfield>
    <subfield code="f">JOURNAL</subfield>
    <subfield code="8">5352115680006477</subfield>
  </datafield>
  <datafield tag="POC" ind1=" " ind2=" ">
    <subfield code="a">5352115680006477</subfield>
    <subfield code="b">1997</subfield>
    <subfield code="d">2</subfield>
    <subfield code="f">1</subfield>
  </datafield>
  <datafield tag="POE" ind1=" " ind2=" ">
    <subfield code="a">5352115680006477</subfield>
    <subfield code="b">&gt;=</subfield>
    <subfield code="c">1</subfield>
    <subfield code="d">6</subfield>
  </datafield>
  <datafield tag="POR" ind1=" " ind2=" ">
    <subfield code="j">Taylor and Francis Online</subfield>
    <subfield code="x">System</subfield>
    <subfield code="a">5352634620006477</subfield>
    <subfield code="M">49HBZ_THK</subfield>
    <subfield code="p">6151427440006477</subfield>
    <subfield code="q">EZB-NALII-00478 Taylor and Francis Archive NL</subfield>
    <subfield code="c">param</subfield>
    <subfield code="o">613790000000000576</subfield>
    <subfield code="y">2023-08-17 23:19:52 Europe/Berlin</subfield>
    <subfield code="w">2023-08-17 23:19:40 Europe/Berlin</subfield>
    <subfield code="D">https://eu04.alma.exlibrisgroup.com/view/uresolver/49HBZ_NETWORK/openurl?u.ignore_date_coverage=true&amp;portfolio_pid=5352634620006477&amp;Force_direct=true</subfield>
    <subfield code="v">NON_SFX_CREATOR</subfield>
    <subfield code="z">2023-08-17 21:19:40</subfield>
    <subfield code="n"> Available from 1967 volume: 1 until 2000 volume: 34.</subfield>
    <subfield code="i">false</subfield>
    <subfield code="S">6251427430006477</subfield>
    <subfield code="d">https://hbz-network.userservices.exlibrisgroup.com/view/uresolver/49HBZ_NETWORK/openurl?u.ignore_date_coverage=true&amp;rft.mms_id=991008474741006477</subfield>
    <subfield code="b">Available</subfield>
    <subfield code="f">JOURNAL</subfield>
    <subfield code="8">5352634620006477</subfield>
  </datafield>
  <datafield tag="POC" ind1=" " ind2=" ">
    <subfield code="a">5352634620006477</subfield>
    <subfield code="b">1967</subfield>
    <subfield code="c">2000</subfield>
    <subfield code="d">1</subfield>
    <subfield code="e">12</subfield>
    <subfield code="f">1</subfield>
    <subfield code="g">31</subfield>
    <subfield code="h">1</subfield>
    <subfield code="i">34</subfield>
  </datafield>
  <datafield tag="POR" ind1=" " ind2=" ">
    <subfield code="j">Taylor and Francis Online</subfield>
    <subfield code="x">System</subfield>
    <subfield code="a">53207649290006445</subfield>
    <subfield code="M">49HBZ_UBD</subfield>
    <subfield code="p">61206252690006445</subfield>
    <subfield code="q">EZB-NALII-00478 Taylor and Francis Archive NL</subfield>
    <subfield code="c">param</subfield>
    <subfield code="o">613790000000000576</subfield>
    <subfield code="y">2021-04-19 18:47:04 Europe/Berlin</subfield>
    <subfield code="w">2021-04-19 18:46:59 Europe/Berlin</subfield>
    <subfield code="D">https://eu04.alma.exlibrisgroup.com/view/uresolver/49HBZ_NETWORK/openurl?u.ignore_date_coverage=true&amp;portfolio_pid=53207649290006445&amp;Force_direct=true</subfield>
    <subfield code="v">NON_SFX_CREATOR</subfield>
    <subfield code="z">2021-04-19 16:46:59</subfield>
    <subfield code="n"> Available from 1967 volume: 1 until 2000 volume: 34.</subfield>
    <subfield code="i">false</subfield>
    <subfield code="S">62206252680006445</subfield>
    <subfield code="d">https://hbz-network.userservices.exlibrisgroup.com/view/uresolver/49HBZ_NETWORK/openurl?u.ignore_date_coverage=true&amp;rft.mms_id=991013480857706445</subfield>
    <subfield code="b">Available</subfield>
    <subfield code="f">JOURNAL</subfield>
    <subfield code="8">53207649290006445</subfield>
  </datafield>
  <datafield tag="POC" ind1=" " ind2=" ">
    <subfield code="a">53207649290006445</subfield>
    <subfield code="b">1967</subfield>
    <subfield code="c">2000</subfield>
    <subfield code="d">1</subfield>
    <subfield code="e">12</subfield>
    <subfield code="f">1</subfield>
    <subfield code="g">31</subfield>
    <subfield code="h">1</subfield>
    <subfield code="i">34</subfield>
  </datafield>
  <datafield tag="POR" ind1=" " ind2=" ">
    <subfield code="j">EBSCOhost</subfield>
    <subfield code="x">System</subfield>
    <subfield code="a">53237853940006445</subfield>
    <subfield code="M">49HBZ_UBD</subfield>
    <subfield code="p">61237006320006445</subfield>
    <subfield code="q">EBSCOhost Business Source Ultimate</subfield>
    <subfield code="c">param</subfield>
    <subfield code="o">613860000000000650</subfield>
    <subfield code="y">2023-12-13 12:53:27 Europe/Berlin</subfield>
    <subfield code="w">2023-12-13 12:53:27 Europe/Berlin</subfield>
    <subfield code="D">https://eu04.alma.exlibrisgroup.com/view/uresolver/49HBZ_NETWORK/openurl?u.ignore_date_coverage=true&amp;portfolio_pid=53237853940006445&amp;Force_direct=true</subfield>
    <subfield code="v">System</subfield>
    <subfield code="z">2023-12-13 11:53:27</subfield>
    <subfield code="n"> Available from 01/02/1997. Most recent 1 year(s) 6 month(s) not available.</subfield>
    <subfield code="i">false</subfield>
    <subfield code="t">POL-18669</subfield>
    <subfield code="S">62237006310006445</subfield>
    <subfield code="d">https://hbz-network.userservices.exlibrisgroup.com/view/uresolver/49HBZ_NETWORK/openurl?u.ignore_date_coverage=true&amp;rft.mms_id=991013480857706445</subfield>
    <subfield code="b">Available</subfield>
    <subfield code="f">JOURNAL</subfield>
    <subfield code="8">53237853940006445</subfield>
  </datafield>
  <datafield tag="POC" ind1=" " ind2=" ">
    <subfield code="a">53237853940006445</subfield>
    <subfield code="b">1997</subfield>
    <subfield code="d">2</subfield>
    <subfield code="f">1</subfield>
  </datafield>
  <datafield tag="POE" ind1=" " ind2=" ">
    <subfield code="a">53237853940006445</subfield>
    <subfield code="b">&gt;=</subfield>
    <subfield code="c">1</subfield>
    <subfield code="d">6</subfield>
  </datafield>
  <datafield tag="POR" ind1=" " ind2=" ">
    <subfield code="j">Taylor and Francis Online</subfield>
    <subfield code="x">System</subfield>
    <subfield code="a">53208108410006445</subfield>
    <subfield code="M">49HBZ_UBD</subfield>
    <subfield code="p">61206255030006445</subfield>
    <subfield code="q">Taylor &amp; Francis Journals Complete</subfield>
    <subfield code="c">param</subfield>
    <subfield code="o">611000000000001432</subfield>
    <subfield code="y">2021-04-19 18:49:14 Europe/Berlin</subfield>
    <subfield code="w">2021-04-19 18:49:10 Europe/Berlin</subfield>
    <subfield code="D">https://eu04.alma.exlibrisgroup.com/view/uresolver/49HBZ_NETWORK/openurl?u.ignore_date_coverage=true&amp;portfolio_pid=53208108410006445&amp;Force_direct=true</subfield>
    <subfield code="v">NON_SFX_CREATOR</subfield>
    <subfield code="z">2021-04-19 16:49:10</subfield>
    <subfield code="n"> Available from 1997 volume: 31.</subfield>
    <subfield code="i">false</subfield>
    <subfield code="t">POL-18659</subfield>
    <subfield code="S">62206255020006445</subfield>
    <subfield code="d">https://hbz-network.userservices.exlibrisgroup.com/view/uresolver/49HBZ_NETWORK/openurl?u.ignore_date_coverage=true&amp;rft.mms_id=991013480857706445</subfield>
    <subfield code="b">Available</subfield>
    <subfield code="f">JOURNAL</subfield>
    <subfield code="8">53208108410006445</subfield>
  </datafield>
  <datafield tag="POC" ind1=" " ind2=" ">
    <subfield code="a">53208108410006445</subfield>
    <subfield code="b">1997</subfield>
    <subfield code="d">1</subfield>
    <subfield code="f">1</subfield>
    <subfield code="h">31</subfield>
  </datafield>
  <datafield tag="POR" ind1=" " ind2=" ">
    <subfield code="j">Taylor and Francis Online</subfield>
    <subfield code="x">System</subfield>
    <subfield code="a">53315478730006470</subfield>
    <subfield code="M">49HBZ_UBT</subfield>
    <subfield code="p">61313738290006470</subfield>
    <subfield code="q">EZB-NALII-00478 Taylor and Francis Archive NL</subfield>
    <subfield code="c">param</subfield>
    <subfield code="o">613790000000000576</subfield>
    <subfield code="y">2023-08-15 11:38:38 Europe/Berlin</subfield>
    <subfield code="w">2023-08-15 11:38:23 Europe/Berlin</subfield>
    <subfield code="D">https://eu04.alma.exlibrisgroup.com/view/uresolver/49HBZ_NETWORK/openurl?u.ignore_date_coverage=true&amp;portfolio_pid=53315478730006470&amp;Force_direct=true</subfield>
    <subfield code="v">NON_SFX_CREATOR</subfield>
    <subfield code="z">2023-08-15 09:38:23</subfield>
    <subfield code="n"> Available from 1967 volume: 1 until 2000 volume: 34.</subfield>
    <subfield code="i">false</subfield>
    <subfield code="S">62313738280006470</subfield>
    <subfield code="d">https://hbz-network.userservices.exlibrisgroup.com/view/uresolver/49HBZ_NETWORK/openurl?u.ignore_date_coverage=true&amp;rft.mms_id=9927781571606470</subfield>
    <subfield code="b">Available</subfield>
    <subfield code="f">JOURNAL</subfield>
    <subfield code="8">53315478730006470</subfield>
  </datafield>
  <datafield tag="POC" ind1=" " ind2=" ">
    <subfield code="a">53315478730006470</subfield>
    <subfield code="b">1967</subfield>
    <subfield code="c">2000</subfield>
    <subfield code="d">1</subfield>
    <subfield code="e">12</subfield>
    <subfield code="f">1</subfield>
    <subfield code="g">31</subfield>
    <subfield code="h">1</subfield>
    <subfield code="i">34</subfield>
  </datafield>
  <datafield tag="POR" ind1=" " ind2=" ">
    <subfield code="j">Taylor and Francis Online</subfield>
    <subfield code="x">System</subfield>
    <subfield code="a">53316107370006470</subfield>
    <subfield code="M">49HBZ_UBT</subfield>
    <subfield code="p">61313739910006470</subfield>
    <subfield code="q">Taylor &amp; Francis Journals Complete</subfield>
    <subfield code="c">param</subfield>
    <subfield code="o">611000000000001432</subfield>
    <subfield code="y">2023-08-15 11:42:21 Europe/Berlin</subfield>
    <subfield code="w">2023-08-15 11:42:14 Europe/Berlin</subfield>
    <subfield code="D">https://eu04.alma.exlibrisgroup.com/view/uresolver/49HBZ_NETWORK/openurl?u.ignore_date_coverage=true&amp;portfolio_pid=53316107370006470&amp;Force_direct=true</subfield>
    <subfield code="v">NON_SFX_CREATOR</subfield>
    <subfield code="z">2023-08-15 09:42:14</subfield>
    <subfield code="n"> Available from 1997 volume: 31 issue: 1.</subfield>
    <subfield code="i">false</subfield>
    <subfield code="S">62313739900006470</subfield>
    <subfield code="d">https://hbz-network.userservices.exlibrisgroup.com/view/uresolver/49HBZ_NETWORK/openurl?u.ignore_date_coverage=true&amp;rft.mms_id=9927781571606470</subfield>
    <subfield code="b">Available</subfield>
    <subfield code="f">JOURNAL</subfield>
    <subfield code="8">53316107370006470</subfield>
  </datafield>
  <datafield tag="POC" ind1=" " ind2=" ">
    <subfield code="a">53316107370006470</subfield>
    <subfield code="b">1997</subfield>
    <subfield code="d">1</subfield>
    <subfield code="f">1</subfield>
    <subfield code="h">31</subfield>
    <subfield code="j">1</subfield>
  </datafield>
  <datafield tag="POR" ind1=" " ind2=" ">
    <subfield code="j">EBSCOhost</subfield>
    <subfield code="x">System</subfield>
    <subfield code="a">53314837090006470</subfield>
    <subfield code="M">49HBZ_UBT</subfield>
    <subfield code="p">61313739670006470</subfield>
    <subfield code="q">EBSCOhost Business Source Premier</subfield>
    <subfield code="c">param</subfield>
    <subfield code="o">61110975593244095</subfield>
    <subfield code="y">2023-08-15 11:34:36 Europe/Berlin</subfield>
    <subfield code="w">2023-08-15 11:34:21 Europe/Berlin</subfield>
    <subfield code="D">https://eu04.alma.exlibrisgroup.com/view/uresolver/49HBZ_NETWORK/openurl?u.ignore_date_coverage=true&amp;portfolio_pid=53314837090006470&amp;Force_direct=true</subfield>
    <subfield code="v">NON_SFX_CREATOR</subfield>
    <subfield code="z">2023-08-15 09:34:21</subfield>
    <subfield code="n"> Available from 01/02/1997. Most recent 1 year(s) 6 month(s) not available.</subfield>
    <subfield code="i">false</subfield>
    <subfield code="S">62313739660006470</subfield>
    <subfield code="d">https://hbz-network.userservices.exlibrisgroup.com/view/uresolver/49HBZ_NETWORK/openurl?u.ignore_date_coverage=true&amp;rft.mms_id=9927781571606470</subfield>
    <subfield code="b">Available</subfield>
    <subfield code="f">JOURNAL</subfield>
    <subfield code="8">53314837090006470</subfield>
  </datafield>
  <datafield tag="POC" ind1=" " ind2=" ">
    <subfield code="a">53314837090006470</subfield>
    <subfield code="b">1997</subfield>
    <subfield code="d">2</subfield>
    <subfield code="f">1</subfield>
  </datafield>
  <datafield tag="POE" ind1=" " ind2=" ">
    <subfield code="a">53314837090006470</subfield>
    <subfield code="b">&gt;=</subfield>
    <subfield code="c">1</subfield>
    <subfield code="d">6</subfield>
  </datafield>
  <datafield tag="POR" ind1=" " ind2=" ">
    <subfield code="j">Taylor and Francis Online</subfield>
    <subfield code="x">System</subfield>
    <subfield code="a">53319836310006467</subfield>
    <subfield code="M">49HBZ_ULB</subfield>
    <subfield code="p">61319484210006467</subfield>
    <subfield code="q">EZB-NALII-00478 Taylor and Francis Archive NL</subfield>
    <subfield code="c">param</subfield>
    <subfield code="o">613790000000000576</subfield>
    <subfield code="y">2023-07-25 14:50:56 Europe/Berlin</subfield>
    <subfield code="w">2023-07-25 14:50:45 Europe/Berlin</subfield>
    <subfield code="D">https://eu04.alma.exlibrisgroup.com/view/uresolver/49HBZ_NETWORK/openurl?u.ignore_date_coverage=true&amp;portfolio_pid=53319836310006467&amp;Force_direct=true</subfield>
    <subfield code="v">NON_SFX_CREATOR</subfield>
    <subfield code="z">2023-07-25 12:50:45</subfield>
    <subfield code="n"> Available from 1967 volume: 1 until 2000 volume: 34.</subfield>
    <subfield code="i">false</subfield>
    <subfield code="S">62319484200006467</subfield>
    <subfield code="d">https://hbz-network.userservices.exlibrisgroup.com/view/uresolver/49HBZ_NETWORK/openurl?u.ignore_date_coverage=true&amp;rft.mms_id=991045178361706467</subfield>
    <subfield code="b">Available</subfield>
    <subfield code="f">JOURNAL</subfield>
    <subfield code="8">53319836310006467</subfield>
  </datafield>
  <datafield tag="POC" ind1=" " ind2=" ">
    <subfield code="a">53319836310006467</subfield>
    <subfield code="b">1967</subfield>
    <subfield code="c">2000</subfield>
    <subfield code="d">1</subfield>
    <subfield code="e">12</subfield>
    <subfield code="f">1</subfield>
    <subfield code="g">31</subfield>
    <subfield code="h">1</subfield>
    <subfield code="i">34</subfield>
  </datafield>
  <datafield tag="POR" ind1=" " ind2=" ">
    <subfield code="j">Taylor and Francis Online</subfield>
    <subfield code="x">System</subfield>
    <subfield code="a">53305507160006442</subfield>
    <subfield code="M">49HBZ_BIE</subfield>
    <subfield code="p">61305148010006442</subfield>
    <subfield code="q">Taylor &amp; Francis Journals Complete</subfield>
    <subfield code="c">param</subfield>
    <subfield code="o">611000000000001432</subfield>
    <subfield code="y">2021-04-19 11:21:14 Europe/Berlin</subfield>
    <subfield code="w">2021-04-19 11:21:04 Europe/Berlin</subfield>
    <subfield code="D">https://eu04.alma.exlibrisgroup.com/view/uresolver/49HBZ_NETWORK/openurl?u.ignore_date_coverage=true&amp;portfolio_pid=53305507160006442&amp;Force_direct=true</subfield>
    <subfield code="v">NON_SFX_CREATOR</subfield>
    <subfield code="z">2021-04-19 09:21:04</subfield>
    <subfield code="n"> Available from 1967 volume: 1 until 2000 volume: 34.</subfield>
    <subfield code="i">false</subfield>
    <subfield code="S">62305148000006442</subfield>
    <subfield code="d">https://hbz-network.userservices.exlibrisgroup.com/view/uresolver/49HBZ_NETWORK/openurl?u.ignore_date_coverage=true&amp;rft.mms_id=991025805805706442</subfield>
    <subfield code="b">Available</subfield>
    <subfield code="f">JOURNAL</subfield>
    <subfield code="8">53305507160006442</subfield>
  </datafield>
  <datafield tag="POC" ind1=" " ind2=" ">
    <subfield code="a">53305507160006442</subfield>
    <subfield code="b">1967</subfield>
    <subfield code="c">2000</subfield>
    <subfield code="d">1</subfield>
    <subfield code="e">12</subfield>
    <subfield code="f">1</subfield>
    <subfield code="g">31</subfield>
    <subfield code="h">1</subfield>
    <subfield code="i">34</subfield>
  </datafield>
  <datafield tag="POR" ind1=" " ind2=" ">
    <subfield code="j">Taylor and Francis Online</subfield>
    <subfield code="x">System</subfield>
    <subfield code="a">53188726770006471</subfield>
    <subfield code="M">49HBZ_UBO</subfield>
    <subfield code="p">61187949780006471</subfield>
    <subfield code="q">EZB-NALII-00478 Taylor and Francis Archive NL</subfield>
    <subfield code="c">param</subfield>
    <subfield code="o">613790000000000576</subfield>
    <subfield code="y">2023-07-31 13:57:29 Europe/Berlin</subfield>
    <subfield code="w">2023-07-31 13:57:13 Europe/Berlin</subfield>
    <subfield code="D">https://eu04.alma.exlibrisgroup.com/view/uresolver/49HBZ_NETWORK/openurl?u.ignore_date_coverage=true&amp;portfolio_pid=53188726770006471&amp;Force_direct=true</subfield>
    <subfield code="v">NON_SFX_CREATOR</subfield>
    <subfield code="z">2023-07-31 11:57:13</subfield>
    <subfield code="n"> Available from 1967 volume: 1 until 2000 volume: 34.</subfield>
    <subfield code="i">false</subfield>
    <subfield code="S">62187949770006471</subfield>
    <subfield code="d">https://hbz-network.userservices.exlibrisgroup.com/view/uresolver/49HBZ_NETWORK/openurl?u.ignore_date_coverage=true&amp;rft.mms_id=991027804877306471</subfield>
    <subfield code="b">Available</subfield>
    <subfield code="f">JOURNAL</subfield>
    <subfield code="8">53188726770006471</subfield>
  </datafield>
  <datafield tag="POC" ind1=" " ind2=" ">
    <subfield code="a">53188726770006471</subfield>
    <subfield code="b">1967</subfield>
    <subfield code="c">2000</subfield>
    <subfield code="d">1</subfield>
    <subfield code="e">12</subfield>
    <subfield code="f">1</subfield>
    <subfield code="g">31</subfield>
    <subfield code="h">1</subfield>
    <subfield code="i">34</subfield>
  </datafield>
  <datafield tag="POR" ind1=" " ind2=" ">
    <subfield code="j">Taylor and Francis Online</subfield>
    <subfield code="x">System</subfield>
    <subfield code="a">53200960690006471</subfield>
    <subfield code="M">49HBZ_UBO</subfield>
    <subfield code="p">61201002970006471</subfield>
    <subfield code="q">Taylor &amp; Francis Journals Auto-Holdings Collection</subfield>
    <subfield code="c">static</subfield>
    <subfield code="o">615400000000000635</subfield>
    <subfield code="y">2024-05-24 10:32:54 Europe/Berlin</subfield>
    <subfield code="w">2024-05-03 11:27:10 Europe/Berlin</subfield>
    <subfield code="D">https://eu04.alma.exlibrisgroup.com/view/uresolver/49HBZ_NETWORK/openurl?u.ignore_date_coverage=true&amp;portfolio_pid=53200960690006471&amp;Force_direct=true</subfield>
    <subfield code="v">System</subfield>
    <subfield code="z">2024-05-03 09:27:10</subfield>
    <subfield code="n"> Available from 2009 volume: 43 until 2011 volume: 45.</subfield>
    <subfield code="i">false</subfield>
    <subfield code="t">POL-5930</subfield>
    <subfield code="S">62201002960006471</subfield>
    <subfield code="d">https://hbz-network.userservices.exlibrisgroup.com/view/uresolver/49HBZ_NETWORK/openurl?u.ignore_date_coverage=true&amp;rft.mms_id=991027804877306471</subfield>
    <subfield code="b">Available</subfield>
    <subfield code="f">JOURNAL</subfield>
    <subfield code="e">https://www.tandfonline.com/loi/cres20</subfield>
    <subfield code="8">53200960690006471</subfield>
  </datafield>
  <datafield tag="POC" ind1=" " ind2=" ">
    <subfield code="a">53200960690006471</subfield>
    <subfield code="b">2009</subfield>
    <subfield code="c">2011</subfield>
    <subfield code="d">1</subfield>
    <subfield code="e">12</subfield>
    <subfield code="f">1</subfield>
    <subfield code="g">31</subfield>
    <subfield code="h">43</subfield>
    <subfield code="i">45</subfield>
  </datafield>
  <datafield tag="POR" ind1=" " ind2=" ">
    <subfield code="j">EBSCOhost</subfield>
    <subfield code="x">System</subfield>
    <subfield code="a">53189623410006471</subfield>
    <subfield code="M">49HBZ_UBO</subfield>
    <subfield code="p">61187951070006471</subfield>
    <subfield code="q">EBSCOhost Business Source Premier</subfield>
    <subfield code="c">param</subfield>
    <subfield code="o">61110975593244095</subfield>
    <subfield code="y">2023-07-31 14:02:16 Europe/Berlin</subfield>
    <subfield code="w">2023-07-31 14:02:04 Europe/Berlin</subfield>
    <subfield code="D">https://eu04.alma.exlibrisgroup.com/view/uresolver/49HBZ_NETWORK/openurl?u.ignore_date_coverage=true&amp;portfolio_pid=53189623410006471&amp;Force_direct=true</subfield>
    <subfield code="v">NON_SFX_CREATOR</subfield>
    <subfield code="z">2023-07-31 12:02:04</subfield>
    <subfield code="n"> Available from 01/02/1997. Most recent 1 year(s) 6 month(s) not available.</subfield>
    <subfield code="i">false</subfield>
    <subfield code="S">62187951060006471</subfield>
    <subfield code="d">https://hbz-network.userservices.exlibrisgroup.com/view/uresolver/49HBZ_NETWORK/openurl?u.ignore_date_coverage=true&amp;rft.mms_id=991027804877306471</subfield>
    <subfield code="b">Available</subfield>
    <subfield code="f">JOURNAL</subfield>
    <subfield code="8">53189623410006471</subfield>
  </datafield>
  <datafield tag="POC" ind1=" " ind2=" ">
    <subfield code="a">53189623410006471</subfield>
    <subfield code="b">1997</subfield>
    <subfield code="d">2</subfield>
    <subfield code="f">1</subfield>
  </datafield>
  <datafield tag="POE" ind1=" " ind2=" ">
    <subfield code="a">53189623410006471</subfield>
    <subfield code="b">&gt;=</subfield>
    <subfield code="c">1</subfield>
    <subfield code="d">6</subfield>
  </datafield>
  <datafield tag="POR" ind1=" " ind2=" ">
    <subfield code="j">Taylor and Francis Online</subfield>
    <subfield code="x">System</subfield>
    <subfield code="a">53440596300006446</subfield>
    <subfield code="M">49HBZ_UDE</subfield>
    <subfield code="k">Zugriff für autorisierte Nutzer:innen
</subfield>
    <subfield code="p">61440509400006446</subfield>
    <subfield code="q">DFG-Nationallizenz Taylor &amp; Francis Online Archive</subfield>
    <subfield code="c">param</subfield>
    <subfield code="o">613790000000000576</subfield>
    <subfield code="y">2021-04-16 16:49:05 Europe/Berlin</subfield>
    <subfield code="w">2021-04-16 16:48:59 Europe/Berlin</subfield>
    <subfield code="D">https://eu04.alma.exlibrisgroup.com/view/uresolver/49HBZ_NETWORK/openurl?u.ignore_date_coverage=true&amp;portfolio_pid=53440596300006446&amp;Force_direct=true</subfield>
    <subfield code="v">NON_SFX_CREATOR</subfield>
    <subfield code="z">2021-04-16 14:48:59</subfield>
    <subfield code="n"> Available from 1967 volume: 1 until 2000 volume: 34.</subfield>
    <subfield code="i">false</subfield>
    <subfield code="S">62440509390006446</subfield>
    <subfield code="d">https://hbz-network.userservices.exlibrisgroup.com/view/uresolver/49HBZ_NETWORK/openurl?u.ignore_date_coverage=true&amp;rft.mms_id=99206348121606446</subfield>
    <subfield code="b">Available</subfield>
    <subfield code="f">JOURNAL</subfield>
    <subfield code="8">53440596300006446</subfield>
  </datafield>
  <datafield tag="POC" ind1=" " ind2=" ">
    <subfield code="a">53440596300006446</subfield>
    <subfield code="b">1967</subfield>
    <subfield code="c">2000</subfield>
    <subfield code="d">1</subfield>
    <subfield code="e">12</subfield>
    <subfield code="f">1</subfield>
    <subfield code="g">31</subfield>
    <subfield code="h">1</subfield>
    <subfield code="i">34</subfield>
  </datafield>
  <datafield tag="POR" ind1=" " ind2=" ">
    <subfield code="j">Taylor and Francis Online</subfield>
    <subfield code="x">System</subfield>
    <subfield code="a">53461554510006446</subfield>
    <subfield code="M">49HBZ_UDE</subfield>
    <subfield code="k">Zugriff für autorisierte Nutzer:innen</subfield>
    <subfield code="p">61461585840006446</subfield>
    <subfield code="q">Taylor &amp; Francis Social Sciences and Humanities Collection</subfield>
    <subfield code="c">param</subfield>
    <subfield code="o">615490000000001244</subfield>
    <subfield code="y">2023-01-20 10:21:39 Europe/Berlin</subfield>
    <subfield code="w">2023-01-20 10:21:38 Europe/Berlin</subfield>
    <subfield code="D">https://eu04.alma.exlibrisgroup.com/view/uresolver/49HBZ_NETWORK/openurl?u.ignore_date_coverage=true&amp;portfolio_pid=53461554510006446&amp;Force_direct=true</subfield>
    <subfield code="v">System</subfield>
    <subfield code="z">2023-01-20 09:21:38</subfield>
    <subfield code="n"> Available from 1995 volume: 29 issue: 1.</subfield>
    <subfield code="i">false</subfield>
    <subfield code="t">UB22-17965</subfield>
    <subfield code="S">62461585830006446</subfield>
    <subfield code="d">https://hbz-network.userservices.exlibrisgroup.com/view/uresolver/49HBZ_NETWORK/openurl?u.ignore_date_coverage=true&amp;rft.mms_id=99206348121606446</subfield>
    <subfield code="b">Available</subfield>
    <subfield code="f">JOURNAL</subfield>
    <subfield code="8">53461554510006446</subfield>
  </datafield>
  <datafield tag="POC" ind1=" " ind2=" ">
    <subfield code="a">53461554510006446</subfield>
    <subfield code="b">1995</subfield>
    <subfield code="d">1</subfield>
    <subfield code="f">1</subfield>
    <subfield code="h">29</subfield>
    <subfield code="j">1</subfield>
  </datafield>
  <datafield tag="POR" ind1=" " ind2=" ">
    <subfield code="j">EBSCOhost</subfield>
    <subfield code="x">System</subfield>
    <subfield code="a">53439600760006446</subfield>
    <subfield code="M">49HBZ_UDE</subfield>
    <subfield code="k">Zugriff für autorisierte Nutzer:innen</subfield>
    <subfield code="p">61436523510006446</subfield>
    <subfield code="q">EBSCOhost Business Source Premier</subfield>
    <subfield code="c">param</subfield>
    <subfield code="o">61110975593244095</subfield>
    <subfield code="y">2021-04-16 15:47:16 Europe/Berlin</subfield>
    <subfield code="w">2021-04-16 15:47:09 Europe/Berlin</subfield>
    <subfield code="D">https://eu04.alma.exlibrisgroup.com/view/uresolver/49HBZ_NETWORK/openurl?u.ignore_date_coverage=true&amp;portfolio_pid=53439600760006446&amp;Force_direct=true</subfield>
    <subfield code="v">NON_SFX_CREATOR</subfield>
    <subfield code="z">2021-04-16 13:47:09</subfield>
    <subfield code="n"> Available from 01/02/1997. Most recent 1 year(s) 6 month(s) not available.</subfield>
    <subfield code="i">false</subfield>
    <subfield code="t">DBN398</subfield>
    <subfield code="S">62436523500006446</subfield>
    <subfield code="d">https://hbz-network.userservices.exlibrisgroup.com/view/uresolver/49HBZ_NETWORK/openurl?u.ignore_date_coverage=true&amp;rft.mms_id=99206348121606446</subfield>
    <subfield code="b">Available</subfield>
    <subfield code="f">JOURNAL</subfield>
    <subfield code="8">53439600760006446</subfield>
  </datafield>
  <datafield tag="POC" ind1=" " ind2=" ">
    <subfield code="a">53439600760006446</subfield>
    <subfield code="b">1997</subfield>
    <subfield code="d">2</subfield>
    <subfield code="f">1</subfield>
  </datafield>
  <datafield tag="POE" ind1=" " ind2=" ">
    <subfield code="a">53439600760006446</subfield>
    <subfield code="b">&gt;=</subfield>
    <subfield code="c">1</subfield>
    <subfield code="d">6</subfield>
  </datafield>
  <datafield tag="POR" ind1=" " ind2=" ">
    <subfield code="j">Taylor and Francis Online</subfield>
    <subfield code="x">System</subfield>
    <subfield code="a">53436628010006446</subfield>
    <subfield code="M">49HBZ_UDE</subfield>
    <subfield code="k">Zugriff für autorisierte Nutzer:innen</subfield>
    <subfield code="p">61436539940006446</subfield>
    <subfield code="q">Taylor &amp; Francis Journals Complete</subfield>
    <subfield code="c">param</subfield>
    <subfield code="o">611000000000001432</subfield>
    <subfield code="y">2021-04-16 15:32:44 Europe/Berlin</subfield>
    <subfield code="w">2021-04-16 15:32:36 Europe/Berlin</subfield>
    <subfield code="D">https://eu04.alma.exlibrisgroup.com/view/uresolver/49HBZ_NETWORK/openurl?u.ignore_date_coverage=true&amp;portfolio_pid=53436628010006446&amp;Force_direct=true</subfield>
    <subfield code="v">NON_SFX_CREATOR</subfield>
    <subfield code="z">2021-04-16 13:32:36</subfield>
    <subfield code="n"> Available from 1997 volume: 31 until 2013 volume: 47.</subfield>
    <subfield code="i">false</subfield>
    <subfield code="S">62436539930006446</subfield>
    <subfield code="d">https://hbz-network.userservices.exlibrisgroup.com/view/uresolver/49HBZ_NETWORK/openurl?u.ignore_date_coverage=true&amp;rft.mms_id=99206348121606446</subfield>
    <subfield code="b">Available</subfield>
    <subfield code="f">JOURNAL</subfield>
    <subfield code="8">53436628010006446</subfield>
  </datafield>
  <datafield tag="POC" ind1=" " ind2=" ">
    <subfield code="a">53436628010006446</subfield>
    <subfield code="b">1997</subfield>
    <subfield code="c">2013</subfield>
    <subfield code="d">1</subfield>
    <subfield code="e">12</subfield>
    <subfield code="f">1</subfield>
    <subfield code="g">31</subfield>
    <subfield code="h">31</subfield>
    <subfield code="i">47</subfield>
  </datafield>
  <datafield tag="POR" ind1=" " ind2=" ">
    <subfield code="j">Taylor and Francis Online</subfield>
    <subfield code="x">System</subfield>
    <subfield code="a">53333818850006443</subfield>
    <subfield code="M">49HBZ_DUE</subfield>
    <subfield code="p">61333504310006443</subfield>
    <subfield code="q">EZB-NALII-00478 Taylor and Francis Archive NL</subfield>
    <subfield code="c">param</subfield>
    <subfield code="o">613790000000000576</subfield>
    <subfield code="y">2021-04-06 14:37:15 Europe/Berlin</subfield>
    <subfield code="w">2021-04-06 14:37:08 Europe/Berlin</subfield>
    <subfield code="D">https://eu04.alma.exlibrisgroup.com/view/uresolver/49HBZ_NETWORK/openurl?u.ignore_date_coverage=true&amp;portfolio_pid=53333818850006443&amp;Force_direct=true</subfield>
    <subfield code="v">NON_SFX_CREATOR</subfield>
    <subfield code="z">2021-04-06 12:37:08</subfield>
    <subfield code="n"> Available from 1967 volume: 1 until 2000 volume: 34.</subfield>
    <subfield code="i">false</subfield>
    <subfield code="S">62333504300006443</subfield>
    <subfield code="d">https://hbz-network.userservices.exlibrisgroup.com/view/uresolver/49HBZ_NETWORK/openurl?u.ignore_date_coverage=true&amp;rft.mms_id=9947406180806443</subfield>
    <subfield code="b">Available</subfield>
    <subfield code="f">JOURNAL</subfield>
    <subfield code="8">53333818850006443</subfield>
  </datafield>
  <datafield tag="POC" ind1=" " ind2=" ">
    <subfield code="a">53333818850006443</subfield>
    <subfield code="b">1967</subfield>
    <subfield code="c">2000</subfield>
    <subfield code="d">1</subfield>
    <subfield code="e">12</subfield>
    <subfield code="f">1</subfield>
    <subfield code="g">31</subfield>
    <subfield code="h">1</subfield>
    <subfield code="i">34</subfield>
  </datafield>
  <datafield tag="POR" ind1=" " ind2=" ">
    <subfield code="j">EBSCOhost</subfield>
    <subfield code="x">System</subfield>
    <subfield code="a">53337517440006443</subfield>
    <subfield code="M">49HBZ_DUE</subfield>
    <subfield code="p">61336618730006443</subfield>
    <subfield code="q">EBSCOhost Business Source Premier</subfield>
    <subfield code="c">param</subfield>
    <subfield code="o">61110975593244095</subfield>
    <subfield code="y">2021-04-22 13:56:52 Europe/Berlin</subfield>
    <subfield code="w">2021-04-22 13:56:52 Europe/Berlin</subfield>
    <subfield code="D">https://eu04.alma.exlibrisgroup.com/view/uresolver/49HBZ_NETWORK/openurl?u.ignore_date_coverage=true&amp;portfolio_pid=53337517440006443&amp;Force_direct=true</subfield>
    <subfield code="v">System</subfield>
    <subfield code="z">2021-04-22 11:56:52</subfield>
    <subfield code="n"> Available from 01/02/1997. Most recent 1 year(s) 6 month(s) not available.</subfield>
    <subfield code="i">false</subfield>
    <subfield code="S">62336618720006443</subfield>
    <subfield code="d">https://hbz-network.userservices.exlibrisgroup.com/view/uresolver/49HBZ_NETWORK/openurl?u.ignore_date_coverage=true&amp;rft.mms_id=9947406180806443</subfield>
    <subfield code="b">Available</subfield>
    <subfield code="f">JOURNAL</subfield>
    <subfield code="8">53337517440006443</subfield>
  </datafield>
  <datafield tag="POC" ind1=" " ind2=" ">
    <subfield code="a">53337517440006443</subfield>
    <subfield code="b">1997</subfield>
    <subfield code="d">2</subfield>
    <subfield code="f">1</subfield>
  </datafield>
  <datafield tag="POE" ind1=" " ind2=" ">
    <subfield code="a">53337517440006443</subfield>
    <subfield code="b">&gt;=</subfield>
    <subfield code="c">1</subfield>
    <subfield code="d">6</subfield>
  </datafield>
  <datafield tag="POR" ind1=" " ind2=" ">
    <subfield code="j">Taylor and Francis Online</subfield>
    <subfield code="x">System</subfield>
    <subfield code="a">5337716380008057</subfield>
    <subfield code="M">49HBZ_UKO</subfield>
    <subfield code="p">6136821710008057</subfield>
    <subfield code="q">EZB-NALII-00478 Taylor and Francis Archive NL</subfield>
    <subfield code="c">param</subfield>
    <subfield code="o">613790000000000576</subfield>
    <subfield code="y">2023-08-15 11:28:31 Europe/Berlin</subfield>
    <subfield code="w">2023-08-15 11:28:17 Europe/Berlin</subfield>
    <subfield code="D">https://eu04.alma.exlibrisgroup.com/view/uresolver/49HBZ_NETWORK/openurl?u.ignore_date_coverage=true&amp;portfolio_pid=5337716380008057&amp;Force_direct=true</subfield>
    <subfield code="v">NON_SFX_CREATOR</subfield>
    <subfield code="z">2023-08-15 09:28:17</subfield>
    <subfield code="n"> Available from 1967 volume: 1 until 2000 volume: 34.</subfield>
    <subfield code="i">false</subfield>
    <subfield code="S">6236821700008057</subfield>
    <subfield code="d">https://hbz-network.userservices.exlibrisgroup.com/view/uresolver/49HBZ_NETWORK/openurl?u.ignore_date_coverage=true&amp;rft.mms_id=9910061632508057</subfield>
    <subfield code="b">Available</subfield>
    <subfield code="f">JOURNAL</subfield>
    <subfield code="8">5337716380008057</subfield>
  </datafield>
  <datafield tag="POC" ind1=" " ind2=" ">
    <subfield code="a">5337716380008057</subfield>
    <subfield code="b">1967</subfield>
    <subfield code="c">2000</subfield>
    <subfield code="d">1</subfield>
    <subfield code="e">12</subfield>
    <subfield code="f">1</subfield>
    <subfield code="g">31</subfield>
    <subfield code="h">1</subfield>
    <subfield code="i">34</subfield>
  </datafield>
  <datafield tag="POR" ind1=" " ind2=" ">
    <subfield code="j">EBSCOhost</subfield>
    <subfield code="x">System</subfield>
    <subfield code="a">53334733410006476</subfield>
    <subfield code="M">49HBZ_UBK</subfield>
    <subfield code="p">61333355660006476</subfield>
    <subfield code="q">EBSCOhost Business Source Complete</subfield>
    <subfield code="c">param</subfield>
    <subfield code="o">611000000000000630</subfield>
    <subfield code="y">2023-08-23 12:00:43 Europe/Berlin</subfield>
    <subfield code="w">2023-08-23 10:08:33 Europe/Berlin</subfield>
    <subfield code="D">https://eu04.alma.exlibrisgroup.com/view/uresolver/49HBZ_NETWORK/openurl?u.ignore_date_coverage=true&amp;portfolio_pid=53334733410006476&amp;Force_direct=true</subfield>
    <subfield code="v">NON_SFX_CREATOR</subfield>
    <subfield code="z">2023-08-23 08:08:33</subfield>
    <subfield code="n"> Available from 01/02/1997. Most recent 1 year(s) 6 month(s) not available.</subfield>
    <subfield code="i">false</subfield>
    <subfield code="S">62333355650006476</subfield>
    <subfield code="d">https://hbz-network.userservices.exlibrisgroup.com/view/uresolver/49HBZ_NETWORK/openurl?u.ignore_date_coverage=true&amp;rft.mms_id=991055601630006476</subfield>
    <subfield code="b">Available</subfield>
    <subfield code="f">JOURNAL</subfield>
    <subfield code="8">53334733410006476</subfield>
  </datafield>
  <datafield tag="POC" ind1=" " ind2=" ">
    <subfield code="a">53334733410006476</subfield>
    <subfield code="b">1997</subfield>
    <subfield code="d">2</subfield>
    <subfield code="f">1</subfield>
  </datafield>
  <datafield tag="POE" ind1=" " ind2=" ">
    <subfield code="a">53334733410006476</subfield>
    <subfield code="b">&gt;=</subfield>
    <subfield code="c">1</subfield>
    <subfield code="d">6</subfield>
  </datafield>
  <datafield tag="POR" ind1=" " ind2=" ">
    <subfield code="j">Taylor and Francis Online</subfield>
    <subfield code="x">System</subfield>
    <subfield code="a">53336252890006476</subfield>
    <subfield code="M">49HBZ_UBK</subfield>
    <subfield code="p">61333354250006476</subfield>
    <subfield code="q">EZB-NALII-00478 Taylor and Francis Archive NL</subfield>
    <subfield code="c">param</subfield>
    <subfield code="o">613790000000000576</subfield>
    <subfield code="y">2023-08-23 12:00:43 Europe/Berlin</subfield>
    <subfield code="w">2023-08-23 10:16:37 Europe/Berlin</subfield>
    <subfield code="D">https://eu04.alma.exlibrisgroup.com/view/uresolver/49HBZ_NETWORK/openurl?u.ignore_date_coverage=true&amp;portfolio_pid=53336252890006476&amp;Force_direct=true</subfield>
    <subfield code="v">NON_SFX_CREATOR</subfield>
    <subfield code="z">2023-08-23 08:16:37</subfield>
    <subfield code="n"> Available from 1967 volume: 1 until 2000 volume: 34.</subfield>
    <subfield code="i">false</subfield>
    <subfield code="S">62333354240006476</subfield>
    <subfield code="d">https://hbz-network.userservices.exlibrisgroup.com/view/uresolver/49HBZ_NETWORK/openurl?u.ignore_date_coverage=true&amp;rft.mms_id=991055601630006476</subfield>
    <subfield code="b">Available</subfield>
    <subfield code="f">JOURNAL</subfield>
    <subfield code="8">53336252890006476</subfield>
  </datafield>
  <datafield tag="POC" ind1=" " ind2=" ">
    <subfield code="a">53336252890006476</subfield>
    <subfield code="b">1967</subfield>
    <subfield code="c">2000</subfield>
    <subfield code="d">1</subfield>
    <subfield code="e">12</subfield>
    <subfield code="f">1</subfield>
    <subfield code="g">31</subfield>
    <subfield code="h">1</subfield>
    <subfield code="i">34</subfield>
  </datafield>
  <datafield tag="POR" ind1=" " ind2=" ">
    <subfield code="j">EBSCOhost</subfield>
    <subfield code="x">System</subfield>
    <subfield code="a">53336240340006476</subfield>
    <subfield code="M">49HBZ_UBK</subfield>
    <subfield code="p">61333355630006476</subfield>
    <subfield code="q">EBSCOhost Econlit with Full Text</subfield>
    <subfield code="c">param</subfield>
    <subfield code="o">611000000000001504</subfield>
    <subfield code="y">2023-08-23 12:00:43 Europe/Berlin</subfield>
    <subfield code="w">2023-08-23 10:16:37 Europe/Berlin</subfield>
    <subfield code="D">https://eu04.alma.exlibrisgroup.com/view/uresolver/49HBZ_NETWORK/openurl?u.ignore_date_coverage=true&amp;portfolio_pid=53336240340006476&amp;Force_direct=true</subfield>
    <subfield code="v">NON_SFX_CREATOR</subfield>
    <subfield code="z">2023-08-23 08:16:37</subfield>
    <subfield code="n"> Available from 01/02/1997. Most recent 1 year(s) 6 month(s) not available.</subfield>
    <subfield code="i">false</subfield>
    <subfield code="S">62333355620006476</subfield>
    <subfield code="d">https://hbz-network.userservices.exlibrisgroup.com/view/uresolver/49HBZ_NETWORK/openurl?u.ignore_date_coverage=true&amp;rft.mms_id=991055601630006476</subfield>
    <subfield code="b">Available</subfield>
    <subfield code="f">JOURNAL</subfield>
    <subfield code="8">53336240340006476</subfield>
  </datafield>
  <datafield tag="POC" ind1=" " ind2=" ">
    <subfield code="a">53336240340006476</subfield>
    <subfield code="b">1997</subfield>
    <subfield code="d">2</subfield>
    <subfield code="f">1</subfield>
  </datafield>
  <datafield tag="POE" ind1=" " ind2=" ">
    <subfield code="a">53336240340006476</subfield>
    <subfield code="b">&gt;=</subfield>
    <subfield code="c">1</subfield>
    <subfield code="d">6</subfield>
  </datafield>
  <datafield tag="POR" ind1=" " ind2=" ">
    <subfield code="j">Taylor and Francis Online</subfield>
    <subfield code="x">System</subfield>
    <subfield code="a">53334770920006476</subfield>
    <subfield code="M">49HBZ_UBK</subfield>
    <subfield code="p">61333349480006476</subfield>
    <subfield code="q">Taylor &amp; Francis Journals Complete</subfield>
    <subfield code="c">param</subfield>
    <subfield code="o">611000000000001432</subfield>
    <subfield code="y">2023-08-23 12:00:43 Europe/Berlin</subfield>
    <subfield code="w">2023-08-23 10:08:54 Europe/Berlin</subfield>
    <subfield code="D">https://eu04.alma.exlibrisgroup.com/view/uresolver/49HBZ_NETWORK/openurl?u.ignore_date_coverage=true&amp;portfolio_pid=53334770920006476&amp;Force_direct=true</subfield>
    <subfield code="v">NON_SFX_CREATOR</subfield>
    <subfield code="z">2023-08-23 08:08:54</subfield>
    <subfield code="n"> Available from 2007 volume: 41 until 2020 volume: 54.</subfield>
    <subfield code="i">false</subfield>
    <subfield code="S">62333349470006476</subfield>
    <subfield code="d">https://hbz-network.userservices.exlibrisgroup.com/view/uresolver/49HBZ_NETWORK/openurl?u.ignore_date_coverage=true&amp;rft.mms_id=991055601630006476</subfield>
    <subfield code="b">Available</subfield>
    <subfield code="f">JOURNAL</subfield>
    <subfield code="8">53334770920006476</subfield>
  </datafield>
  <datafield tag="POC" ind1=" " ind2=" ">
    <subfield code="a">53334770920006476</subfield>
    <subfield code="b">2007</subfield>
    <subfield code="c">2020</subfield>
    <subfield code="d">1</subfield>
    <subfield code="e">12</subfield>
    <subfield code="f">1</subfield>
    <subfield code="g">31</subfield>
    <subfield code="h">41</subfield>
    <subfield code="i">54</subfield>
  </datafield>
  <datafield tag="POR" ind1=" " ind2=" ">
    <subfield code="j">ProQuest</subfield>
    <subfield code="x">System</subfield>
    <subfield code="a">53335347680006476</subfield>
    <subfield code="M">49HBZ_UBK</subfield>
    <subfield code="p">61333355780006476</subfield>
    <subfield code="q">ABI/INFORM Collection</subfield>
    <subfield code="c">param</subfield>
    <subfield code="o">612550000000000007</subfield>
    <subfield code="y">2024-07-31 07:15:29 Europe/Berlin</subfield>
    <subfield code="w">2023-08-23 10:12:07 Europe/Berlin</subfield>
    <subfield code="D">https://eu04.alma.exlibrisgroup.com/view/uresolver/49HBZ_NETWORK/openurl?u.ignore_date_coverage=true&amp;portfolio_pid=53335347680006476&amp;Force_direct=true</subfield>
    <subfield code="v">NON_SFX_CREATOR</subfield>
    <subfield code="z">2023-08-23 08:12:07</subfield>
    <subfield code="n"> Available from 01/06/1997 volume: 31 issue: 4 until 30/11/2000 volume: 34 issue: 8.</subfield>
    <subfield code="i">false</subfield>
    <subfield code="S">62333355770006476</subfield>
    <subfield code="d">https://hbz-network.userservices.exlibrisgroup.com/view/uresolver/49HBZ_NETWORK/openurl?u.ignore_date_coverage=true&amp;rft.mms_id=991055601630006476</subfield>
    <subfield code="b">Available</subfield>
    <subfield code="f">JOURNAL</subfield>
    <subfield code="8">53335347680006476</subfield>
  </datafield>
  <datafield tag="POC" ind1=" " ind2=" ">
    <subfield code="a">53335347680006476</subfield>
    <subfield code="b">1997</subfield>
    <subfield code="c">2000</subfield>
    <subfield code="d">6</subfield>
    <subfield code="e">11</subfield>
    <subfield code="f">1</subfield>
    <subfield code="g">30</subfield>
    <subfield code="h">31</subfield>
    <subfield code="i">34</subfield>
    <subfield code="j">4</subfield>
    <subfield code="k">8</subfield>
  </datafield>
  <datafield tag="POR" ind1=" " ind2=" ">
    <subfield code="j">EBSCOhost</subfield>
    <subfield code="x">System</subfield>
    <subfield code="a">53629460780006449</subfield>
    <subfield code="M">49HBZ_ULM</subfield>
    <subfield code="p">61626439260006449</subfield>
    <subfield code="q">EBSCOhost Econlit with Full Text</subfield>
    <subfield code="c">param</subfield>
    <subfield code="o">611000000000001504</subfield>
    <subfield code="y">2022-07-19 22:23:31 Europe/Berlin</subfield>
    <subfield code="w">2022-07-19 22:23:23 Europe/Berlin</subfield>
    <subfield code="D">https://eu04.alma.exlibrisgroup.com/view/uresolver/49HBZ_NETWORK/openurl?u.ignore_date_coverage=true&amp;portfolio_pid=53629460780006449&amp;Force_direct=true</subfield>
    <subfield code="v">NON_SFX_CREATOR</subfield>
    <subfield code="z">2022-07-19 20:23:23</subfield>
    <subfield code="n"> Available from 01/02/1997. Most recent 1 year(s) 6 month(s) not available.</subfield>
    <subfield code="i">false</subfield>
    <subfield code="S">62626439250006449</subfield>
    <subfield code="d">https://hbz-network.userservices.exlibrisgroup.com/view/uresolver/49HBZ_NETWORK/openurl?u.ignore_date_coverage=true&amp;rft.mms_id=991044842597506449</subfield>
    <subfield code="b">Available</subfield>
    <subfield code="f">JOURNAL</subfield>
    <subfield code="8">53629460780006449</subfield>
  </datafield>
  <datafield tag="POC" ind1=" " ind2=" ">
    <subfield code="a">53629460780006449</subfield>
    <subfield code="b">1997</subfield>
    <subfield code="d">2</subfield>
    <subfield code="f">1</subfield>
  </datafield>
  <datafield tag="POE" ind1=" " ind2=" ">
    <subfield code="a">53629460780006449</subfield>
    <subfield code="b">&gt;=</subfield>
    <subfield code="c">1</subfield>
    <subfield code="d">6</subfield>
  </datafield>
  <datafield tag="POR" ind1=" " ind2=" ">
    <subfield code="j">Taylor and Francis Online</subfield>
    <subfield code="x">System</subfield>
    <subfield code="a">53630181600006449</subfield>
    <subfield code="M">49HBZ_ULM</subfield>
    <subfield code="p">61626437550006449</subfield>
    <subfield code="q">Deutsche Nationallizenzen: Taylor &amp; Francis</subfield>
    <subfield code="c">param</subfield>
    <subfield code="o">613790000000000576</subfield>
    <subfield code="y">2022-07-19 22:26:27 Europe/Berlin</subfield>
    <subfield code="w">2022-07-19 22:26:21 Europe/Berlin</subfield>
    <subfield code="D">https://eu04.alma.exlibrisgroup.com/view/uresolver/49HBZ_NETWORK/openurl?u.ignore_date_coverage=true&amp;portfolio_pid=53630181600006449&amp;Force_direct=true</subfield>
    <subfield code="v">NON_SFX_CREATOR</subfield>
    <subfield code="z">2022-07-19 20:26:21</subfield>
    <subfield code="n"> Available from 1967 volume: 1 until 2000 volume: 34.</subfield>
    <subfield code="i">false</subfield>
    <subfield code="S">62626437540006449</subfield>
    <subfield code="d">https://hbz-network.userservices.exlibrisgroup.com/view/uresolver/49HBZ_NETWORK/openurl?u.ignore_date_coverage=true&amp;rft.mms_id=991044842597506449</subfield>
    <subfield code="b">Available</subfield>
    <subfield code="f">JOURNAL</subfield>
    <subfield code="8">53630181600006449</subfield>
  </datafield>
  <datafield tag="POC" ind1=" " ind2=" ">
    <subfield code="a">53630181600006449</subfield>
    <subfield code="b">1967</subfield>
    <subfield code="c">2000</subfield>
    <subfield code="d">1</subfield>
    <subfield code="e">12</subfield>
    <subfield code="f">1</subfield>
    <subfield code="g">31</subfield>
    <subfield code="h">1</subfield>
    <subfield code="i">34</subfield>
  </datafield>
  <datafield tag="POR" ind1=" " ind2=" ">
    <subfield code="j">EBSCOhost</subfield>
    <subfield code="x">System</subfield>
    <subfield code="a">53629901350006449</subfield>
    <subfield code="M">49HBZ_ULM</subfield>
    <subfield code="p">61626439320006449</subfield>
    <subfield code="q">EBSCOhost Business Source Ultimate</subfield>
    <subfield code="c">param</subfield>
    <subfield code="o">613860000000000650</subfield>
    <subfield code="y">2022-07-19 22:25:17 Europe/Berlin</subfield>
    <subfield code="w">2022-07-19 22:25:11 Europe/Berlin</subfield>
    <subfield code="D">https://eu04.alma.exlibrisgroup.com/view/uresolver/49HBZ_NETWORK/openurl?u.ignore_date_coverage=true&amp;portfolio_pid=53629901350006449&amp;Force_direct=true</subfield>
    <subfield code="v">NON_SFX_CREATOR</subfield>
    <subfield code="z">2022-07-19 20:25:11</subfield>
    <subfield code="n"> Available from 01/02/1997. Most recent 1 year(s) 6 month(s) not available.</subfield>
    <subfield code="i">false</subfield>
    <subfield code="S">62626439310006449</subfield>
    <subfield code="d">https://hbz-network.userservices.exlibrisgroup.com/view/uresolver/49HBZ_NETWORK/openurl?u.ignore_date_coverage=true&amp;rft.mms_id=991044842597506449</subfield>
    <subfield code="b">Available</subfield>
    <subfield code="f">JOURNAL</subfield>
    <subfield code="8">53629901350006449</subfield>
  </datafield>
  <datafield tag="POC" ind1=" " ind2=" ">
    <subfield code="a">53629901350006449</subfield>
    <subfield code="b">1997</subfield>
    <subfield code="d">2</subfield>
    <subfield code="f">1</subfield>
  </datafield>
  <datafield tag="POE" ind1=" " ind2=" ">
    <subfield code="a">53629901350006449</subfield>
    <subfield code="b">&gt;=</subfield>
    <subfield code="c">1</subfield>
    <subfield code="d">6</subfield>
  </datafield>
  <datafield tag="POR" ind1=" " ind2=" ">
    <subfield code="j">EBSCOhost</subfield>
    <subfield code="x">System</subfield>
    <subfield code="a">53119417160006462</subfield>
    <subfield code="M">49HBZ_SIE</subfield>
    <subfield code="p">61118697200006462</subfield>
    <subfield code="q">EBSCOhost Business Source Ultimate</subfield>
    <subfield code="c">param</subfield>
    <subfield code="o">613860000000000650</subfield>
    <subfield code="y">2024-01-02 12:36:08 Europe/Berlin</subfield>
    <subfield code="w">2024-01-02 12:36:08 Europe/Berlin</subfield>
    <subfield code="D">https://eu04.alma.exlibrisgroup.com/view/uresolver/49HBZ_NETWORK/openurl?u.ignore_date_coverage=true&amp;portfolio_pid=53119417160006462&amp;Force_direct=true</subfield>
    <subfield code="v">System</subfield>
    <subfield code="z">2024-01-02 11:36:08</subfield>
    <subfield code="n"> Available from 01/02/1997. Most recent 1 year(s) 6 month(s) not available.</subfield>
    <subfield code="i">false</subfield>
    <subfield code="t">POL-2772</subfield>
    <subfield code="S">62118697190006462</subfield>
    <subfield code="d">https://hbz-network.userservices.exlibrisgroup.com/view/uresolver/49HBZ_NETWORK/openurl?u.ignore_date_coverage=true&amp;rft.mms_id=99204508488006462</subfield>
    <subfield code="b">Available</subfield>
    <subfield code="f">JOURNAL</subfield>
    <subfield code="8">53119417160006462</subfield>
  </datafield>
  <datafield tag="POC" ind1=" " ind2=" ">
    <subfield code="a">53119417160006462</subfield>
    <subfield code="b">1997</subfield>
    <subfield code="d">2</subfield>
    <subfield code="f">1</subfield>
  </datafield>
  <datafield tag="POE" ind1=" " ind2=" ">
    <subfield code="a">53119417160006462</subfield>
    <subfield code="b">&gt;=</subfield>
    <subfield code="c">1</subfield>
    <subfield code="d">6</subfield>
  </datafield>
  <datafield tag="POR" ind1=" " ind2=" ">
    <subfield code="j">Taylor and Francis Online</subfield>
    <subfield code="x">System</subfield>
    <subfield code="a">53120140050006462</subfield>
    <subfield code="M">49HBZ_SIE</subfield>
    <subfield code="p">61120089870006462</subfield>
    <subfield code="q">Taylor &amp; Francis Zeitschriften</subfield>
    <subfield code="c">param</subfield>
    <subfield code="o">615490000000001244</subfield>
    <subfield code="y">2024-01-10 14:15:53 Europe/Berlin</subfield>
    <subfield code="w">2024-01-10 14:15:53 Europe/Berlin</subfield>
    <subfield code="D">https://eu04.alma.exlibrisgroup.com/view/uresolver/49HBZ_NETWORK/openurl?u.ignore_date_coverage=true&amp;portfolio_pid=53120140050006462&amp;Force_direct=true</subfield>
    <subfield code="v">System</subfield>
    <subfield code="z">2024-01-10 13:15:53</subfield>
    <subfield code="n"> Available from 1995 volume: 29 issue: 1.</subfield>
    <subfield code="i">false</subfield>
    <subfield code="t">POL-5439</subfield>
    <subfield code="S">62120089860006462</subfield>
    <subfield code="d">https://hbz-network.userservices.exlibrisgroup.com/view/uresolver/49HBZ_NETWORK/openurl?u.ignore_date_coverage=true&amp;rft.mms_id=99204508488006462</subfield>
    <subfield code="b">Available</subfield>
    <subfield code="f">JOURNAL</subfield>
    <subfield code="8">53120140050006462</subfield>
  </datafield>
  <datafield tag="POC" ind1=" " ind2=" ">
    <subfield code="a">53120140050006462</subfield>
    <subfield code="b">1995</subfield>
    <subfield code="d">1</subfield>
    <subfield code="f">1</subfield>
    <subfield code="h">29</subfield>
    <subfield code="j">1</subfield>
  </datafield>
  <datafield tag="POR" ind1=" " ind2=" ">
    <subfield code="j">Taylor and Francis Online</subfield>
    <subfield code="x">System</subfield>
    <subfield code="a">5397117680006462</subfield>
    <subfield code="M">49HBZ_SIE</subfield>
    <subfield code="p">6196029550006462</subfield>
    <subfield code="q">Taylor &amp; Francis Zeitschriften (Archiv)</subfield>
    <subfield code="c">param</subfield>
    <subfield code="o">613790000000000576</subfield>
    <subfield code="y">2022-07-11 18:36:46 Europe/Berlin</subfield>
    <subfield code="w">2022-07-11 18:36:41 Europe/Berlin</subfield>
    <subfield code="D">https://eu04.alma.exlibrisgroup.com/view/uresolver/49HBZ_NETWORK/openurl?u.ignore_date_coverage=true&amp;portfolio_pid=5397117680006462&amp;Force_direct=true</subfield>
    <subfield code="v">NON_SFX_CREATOR</subfield>
    <subfield code="z">2022-07-11 16:36:41</subfield>
    <subfield code="n"> Available from 1967 volume: 1 until 2000 volume: 34.</subfield>
    <subfield code="i">false</subfield>
    <subfield code="S">6296029540006462</subfield>
    <subfield code="d">https://hbz-network.userservices.exlibrisgroup.com/view/uresolver/49HBZ_NETWORK/openurl?u.ignore_date_coverage=true&amp;rft.mms_id=99204508488006462</subfield>
    <subfield code="b">Available</subfield>
    <subfield code="f">JOURNAL</subfield>
    <subfield code="8">5397117680006462</subfield>
  </datafield>
  <datafield tag="POC" ind1=" " ind2=" ">
    <subfield code="a">5397117680006462</subfield>
    <subfield code="b">1967</subfield>
    <subfield code="c">2000</subfield>
    <subfield code="d">1</subfield>
    <subfield code="e">12</subfield>
    <subfield code="f">1</subfield>
    <subfield code="g">31</subfield>
    <subfield code="h">1</subfield>
    <subfield code="i">34</subfield>
  </datafield>
  <datafield tag="POR" ind1=" " ind2=" ">
    <subfield code="j">Taylor and Francis Online</subfield>
    <subfield code="x">System</subfield>
    <subfield code="a">53206380660006463</subfield>
    <subfield code="M">49HBZ_PAD</subfield>
    <subfield code="p">61206320180006463</subfield>
    <subfield code="q">Taylor &amp; Francis Journals Auto-Holdings Collection</subfield>
    <subfield code="c">param</subfield>
    <subfield code="o">615400000000000635</subfield>
    <subfield code="y">2024-08-21 01:52:01 Europe/Berlin</subfield>
    <subfield code="w">2024-07-01 13:56:53 Europe/Berlin</subfield>
    <subfield code="D">https://eu04.alma.exlibrisgroup.com/view/uresolver/49HBZ_NETWORK/openurl?u.ignore_date_coverage=true&amp;portfolio_pid=53206380660006463&amp;Force_direct=true</subfield>
    <subfield code="v">System</subfield>
    <subfield code="z">2024-07-01 11:56:53</subfield>
    <subfield code="n"> Available from 14/04/1995 volume: 29 issue: 1. Available from 01/05/1967 volume: 1 issue: 1 until 01/12/2000 volume: 34 issue: 9.</subfield>
    <subfield code="i">false</subfield>
    <subfield code="t">ZE-09-119</subfield>
    <subfield code="S">62206320170006463</subfield>
    <subfield code="d">https://hbz-network.userservices.exlibrisgroup.com/view/uresolver/49HBZ_NETWORK/openurl?u.ignore_date_coverage=true&amp;rft.mms_id=9925015214106463</subfield>
    <subfield code="b">Available</subfield>
    <subfield code="f">JOURNAL</subfield>
    <subfield code="8">53206380660006463</subfield>
  </datafield>
  <datafield tag="POC" ind1=" " ind2=" ">
    <subfield code="a">53206380660006463</subfield>
    <subfield code="b">1995</subfield>
    <subfield code="d">04</subfield>
    <subfield code="f">14</subfield>
    <subfield code="h">29</subfield>
    <subfield code="j">1</subfield>
  </datafield>
  <datafield tag="POC" ind1=" " ind2=" ">
    <subfield code="a">53206380660006463</subfield>
    <subfield code="b">1967</subfield>
    <subfield code="c">2000</subfield>
    <subfield code="d">05</subfield>
    <subfield code="e">12</subfield>
    <subfield code="f">01</subfield>
    <subfield code="g">01</subfield>
    <subfield code="h">1</subfield>
    <subfield code="i">34</subfield>
    <subfield code="j">1</subfield>
    <subfield code="k">9</subfield>
  </datafield>
  <datafield tag="POR" ind1=" " ind2=" ">
    <subfield code="j">EBSCOhost</subfield>
    <subfield code="x">System</subfield>
    <subfield code="a">53196886480006463</subfield>
    <subfield code="M">49HBZ_PAD</subfield>
    <subfield code="p">61196190240006463</subfield>
    <subfield code="q">EBSCOhost Business Source Ultimate</subfield>
    <subfield code="c">param</subfield>
    <subfield code="o">613860000000000650</subfield>
    <subfield code="y">2024-01-03 13:50:24 Europe/Berlin</subfield>
    <subfield code="w">2024-01-03 13:49:08 Europe/Berlin</subfield>
    <subfield code="D">https://eu04.alma.exlibrisgroup.com/view/uresolver/49HBZ_NETWORK/openurl?u.ignore_date_coverage=true&amp;portfolio_pid=53196886480006463&amp;Force_direct=true</subfield>
    <subfield code="v">System</subfield>
    <subfield code="z">2024-01-03 12:49:08</subfield>
    <subfield code="n"> Available from 01/02/1997. Most recent 1 year(s) 6 month(s) not available.</subfield>
    <subfield code="i">false</subfield>
    <subfield code="t">POL-23-13267</subfield>
    <subfield code="S">62196848650006463</subfield>
    <subfield code="d">https://hbz-network.userservices.exlibrisgroup.com/view/uresolver/49HBZ_NETWORK/openurl?u.ignore_date_coverage=true&amp;rft.mms_id=9925015214106463</subfield>
    <subfield code="b">Available</subfield>
    <subfield code="f">JOURNAL</subfield>
    <subfield code="8">53196886480006463</subfield>
  </datafield>
  <datafield tag="POC" ind1=" " ind2=" ">
    <subfield code="a">53196886480006463</subfield>
    <subfield code="b">1997</subfield>
    <subfield code="d">2</subfield>
    <subfield code="f">1</subfield>
  </datafield>
  <datafield tag="POE" ind1=" " ind2=" ">
    <subfield code="a">53196886480006463</subfield>
    <subfield code="b">&gt;=</subfield>
    <subfield code="c">1</subfield>
    <subfield code="d">6</subfield>
  </datafield>
  <datafield tag="POR" ind1=" " ind2=" ">
    <subfield code="j">Taylor and Francis Online</subfield>
    <subfield code="x">System</subfield>
    <subfield code="a">53160944440006463</subfield>
    <subfield code="M">49HBZ_PAD</subfield>
    <subfield code="p">61159515060006463</subfield>
    <subfield code="q">EZB-NALII-00478 Taylor and Francis Archive NL</subfield>
    <subfield code="c">param</subfield>
    <subfield code="o">613790000000000576</subfield>
    <subfield code="y">2022-07-14 19:52:08 Europe/Berlin</subfield>
    <subfield code="w">2022-07-14 19:52:02 Europe/Berlin</subfield>
    <subfield code="D">https://eu04.alma.exlibrisgroup.com/view/uresolver/49HBZ_NETWORK/openurl?u.ignore_date_coverage=true&amp;portfolio_pid=53160944440006463&amp;Force_direct=true</subfield>
    <subfield code="v">NON_SFX_CREATOR</subfield>
    <subfield code="z">2022-07-14 17:52:02</subfield>
    <subfield code="n"> Available from 1967 volume: 1 until 2000 volume: 34.</subfield>
    <subfield code="i">false</subfield>
    <subfield code="S">62159515050006463</subfield>
    <subfield code="d">https://hbz-network.userservices.exlibrisgroup.com/view/uresolver/49HBZ_NETWORK/openurl?u.ignore_date_coverage=true&amp;rft.mms_id=9925015214106463</subfield>
    <subfield code="b">Available</subfield>
    <subfield code="f">JOURNAL</subfield>
    <subfield code="8">53160944440006463</subfield>
  </datafield>
  <datafield tag="POC" ind1=" " ind2=" ">
    <subfield code="a">53160944440006463</subfield>
    <subfield code="b">1967</subfield>
    <subfield code="c">2000</subfield>
    <subfield code="d">1</subfield>
    <subfield code="e">12</subfield>
    <subfield code="f">1</subfield>
    <subfield code="g">31</subfield>
    <subfield code="h">1</subfield>
    <subfield code="i">34</subfield>
  </datafield>
  <datafield tag="POR" ind1=" " ind2=" ">
    <subfield code="j">Taylor and Francis Online</subfield>
    <subfield code="x">c.franz</subfield>
    <subfield code="a">53195082150006463</subfield>
    <subfield code="M">49HBZ_PAD</subfield>
    <subfield code="p">61189219820006463</subfield>
    <subfield code="q">EZB-TANDF-00219 Taylor &amp; Francis SSH</subfield>
    <subfield code="c">param</subfield>
    <subfield code="o">615490000000001244</subfield>
    <subfield code="y">2024-09-05 12:10:34 Europe/Berlin</subfield>
    <subfield code="w">2023-10-17 11:29:30 Europe/Berlin</subfield>
    <subfield code="D">https://eu04.alma.exlibrisgroup.com/view/uresolver/49HBZ_NETWORK/openurl?u.ignore_date_coverage=true&amp;portfolio_pid=53195082150006463&amp;Force_direct=true</subfield>
    <subfield code="v">System</subfield>
    <subfield code="z">2023-10-17 09:29:30</subfield>
    <subfield code="n"> Available from 1995 volume: 29 issue: 1.</subfield>
    <subfield code="i">false</subfield>
    <subfield code="t">ZE-09-119</subfield>
    <subfield code="S">62189219810006463</subfield>
    <subfield code="d">https://hbz-network.userservices.exlibrisgroup.com/view/uresolver/49HBZ_NETWORK/openurl?u.ignore_date_coverage=true&amp;rft.mms_id=9925015214106463</subfield>
    <subfield code="b">Available</subfield>
    <subfield code="f">JOURNAL</subfield>
    <subfield code="8">53195082150006463</subfield>
  </datafield>
  <datafield tag="POC" ind1=" " ind2=" ">
    <subfield code="a">53195082150006463</subfield>
    <subfield code="b">1995</subfield>
    <subfield code="d">1</subfield>
    <subfield code="f">1</subfield>
    <subfield code="h">29</subfield>
    <subfield code="j">1</subfield>
  </datafield>
  <datafield tag="POR" ind1=" " ind2=" ">
    <subfield code="j">Taylor and Francis Online</subfield>
    <subfield code="x">System</subfield>
    <subfield code="a">53202611120006463</subfield>
    <subfield code="M">49HBZ_PAD</subfield>
    <subfield code="p">61201991960006463</subfield>
    <subfield code="q">Taylor &amp; Francis Journals AutoHoldings</subfield>
    <subfield code="c">param</subfield>
    <subfield code="o">611000000000002216</subfield>
    <subfield code="y">2024-04-23 01:23:32 Europe/Berlin</subfield>
    <subfield code="w">2024-04-23 01:23:32 Europe/Berlin</subfield>
    <subfield code="D">https://eu04.alma.exlibrisgroup.com/view/uresolver/49HBZ_NETWORK/openurl?u.ignore_date_coverage=true&amp;portfolio_pid=53202611120006463&amp;Force_direct=true</subfield>
    <subfield code="v">System</subfield>
    <subfield code="z">2024-04-22 23:23:32</subfield>
    <subfield code="n"> Available from 14/04/1995 volume: 29 issue: 1. Available from 01/05/1967 volume: 1 issue: 1 until 01/12/2000 volume: 34 issue: 9.</subfield>
    <subfield code="i">false</subfield>
    <subfield code="t">ZE-09-119</subfield>
    <subfield code="S">62201991950006463</subfield>
    <subfield code="d">https://hbz-network.userservices.exlibrisgroup.com/view/uresolver/49HBZ_NETWORK/openurl?u.ignore_date_coverage=true&amp;rft.mms_id=9925015214106463</subfield>
    <subfield code="b">Available</subfield>
    <subfield code="f">JOURNAL</subfield>
    <subfield code="8">53202611120006463</subfield>
  </datafield>
  <datafield tag="POC" ind1=" " ind2=" ">
    <subfield code="a">53202611120006463</subfield>
    <subfield code="b">1995</subfield>
    <subfield code="d">04</subfield>
    <subfield code="f">14</subfield>
    <subfield code="h">29</subfield>
    <subfield code="j">1</subfield>
  </datafield>
  <datafield tag="POC" ind1=" " ind2=" ">
    <subfield code="a">53202611120006463</subfield>
    <subfield code="b">1967</subfield>
    <subfield code="c">2000</subfield>
    <subfield code="d">05</subfield>
    <subfield code="e">12</subfield>
    <subfield code="f">01</subfield>
    <subfield code="g">01</subfield>
    <subfield code="h">1</subfield>
    <subfield code="i">34</subfield>
    <subfield code="j">1</subfield>
    <subfield code="k">9</subfield>
  </datafield>
  <datafield tag="POR" ind1=" " ind2=" ">
    <subfield code="j">Taylor and Francis Online</subfield>
    <subfield code="x">System</subfield>
    <subfield code="a">5317403150006456</subfield>
    <subfield code="M">49HBZ_WHS</subfield>
    <subfield code="p">6117011350006456</subfield>
    <subfield code="q">EZB-NALII-00478 Taylor and Francis Archive NL</subfield>
    <subfield code="c">param</subfield>
    <subfield code="o">613790000000000576</subfield>
    <subfield code="y">2022-07-14 13:39:08 Europe/Berlin</subfield>
    <subfield code="w">2022-07-14 13:39:03 Europe/Berlin</subfield>
    <subfield code="D">https://eu04.alma.exlibrisgroup.com/view/uresolver/49HBZ_NETWORK/openurl?u.ignore_date_coverage=true&amp;portfolio_pid=5317403150006456&amp;Force_direct=true</subfield>
    <subfield code="v">NON_SFX_CREATOR</subfield>
    <subfield code="z">2022-07-14 11:39:03</subfield>
    <subfield code="n"> Available from 1967 volume: 1 until 2000 volume: 34.</subfield>
    <subfield code="i">false</subfield>
    <subfield code="S">6217011340006456</subfield>
    <subfield code="d">https://hbz-network.userservices.exlibrisgroup.com/view/uresolver/49HBZ_NETWORK/openurl?u.ignore_date_coverage=true&amp;rft.mms_id=991006477316506456</subfield>
    <subfield code="b">Available</subfield>
    <subfield code="f">JOURNAL</subfield>
    <subfield code="8">5317403150006456</subfield>
  </datafield>
  <datafield tag="POC" ind1=" " ind2=" ">
    <subfield code="a">5317403150006456</subfield>
    <subfield code="b">1967</subfield>
    <subfield code="c">2000</subfield>
    <subfield code="d">1</subfield>
    <subfield code="e">12</subfield>
    <subfield code="f">1</subfield>
    <subfield code="g">31</subfield>
    <subfield code="h">1</subfield>
    <subfield code="i">34</subfield>
  </datafield>
  <datafield tag="POR" ind1=" " ind2=" ">
    <subfield code="j">EBSCOhost</subfield>
    <subfield code="x">System</subfield>
    <subfield code="a">5317283860006456</subfield>
    <subfield code="M">49HBZ_WHS</subfield>
    <subfield code="p">6117012490006456</subfield>
    <subfield code="q">EBSCOhost Business Source Premier</subfield>
    <subfield code="c">param</subfield>
    <subfield code="o">61110975593244095</subfield>
    <subfield code="y">2022-07-14 13:38:44 Europe/Berlin</subfield>
    <subfield code="w">2022-07-14 13:38:36 Europe/Berlin</subfield>
    <subfield code="D">https://eu04.alma.exlibrisgroup.com/view/uresolver/49HBZ_NETWORK/openurl?u.ignore_date_coverage=true&amp;portfolio_pid=5317283860006456&amp;Force_direct=true</subfield>
    <subfield code="v">NON_SFX_CREATOR</subfield>
    <subfield code="z">2022-07-14 11:38:37</subfield>
    <subfield code="n"> Available from 01/02/1997. Most recent 1 year(s) 6 month(s) not available.</subfield>
    <subfield code="i">false</subfield>
    <subfield code="t">2023-1775</subfield>
    <subfield code="S">6217012480006456</subfield>
    <subfield code="d">https://hbz-network.userservices.exlibrisgroup.com/view/uresolver/49HBZ_NETWORK/openurl?u.ignore_date_coverage=true&amp;rft.mms_id=991006477316506456</subfield>
    <subfield code="b">Available</subfield>
    <subfield code="f">JOURNAL</subfield>
    <subfield code="8">5317283860006456</subfield>
  </datafield>
  <datafield tag="POC" ind1=" " ind2=" ">
    <subfield code="a">5317283860006456</subfield>
    <subfield code="b">1997</subfield>
    <subfield code="d">2</subfield>
    <subfield code="f">1</subfield>
  </datafield>
  <datafield tag="POE" ind1=" " ind2=" ">
    <subfield code="a">5317283860006456</subfield>
    <subfield code="b">&gt;=</subfield>
    <subfield code="c">1</subfield>
    <subfield code="d">6</subfield>
  </datafield>
  <datafield tag="POR" ind1=" " ind2=" ">
    <subfield code="j">Taylor and Francis Online</subfield>
    <subfield code="x">System</subfield>
    <subfield code="a">53139581020006472</subfield>
    <subfield code="h">EZProxy</subfield>
    <subfield code="M">49HBZ_ZBM</subfield>
    <subfield code="p">61139218360006472</subfield>
    <subfield code="q">EZB-NALII-00478 Taylor and Francis Archive NL</subfield>
    <subfield code="c">param</subfield>
    <subfield code="o">613790000000000576</subfield>
    <subfield code="y">2023-08-10 17:19:48 Europe/Berlin</subfield>
    <subfield code="w">2023-08-10 17:19:41 Europe/Berlin</subfield>
    <subfield code="D">https://eu04.alma.exlibrisgroup.com/view/uresolver/49HBZ_NETWORK/openurl?u.ignore_date_coverage=true&amp;portfolio_pid=53139581020006472&amp;Force_direct=true</subfield>
    <subfield code="v">NON_SFX_CREATOR</subfield>
    <subfield code="z">2023-08-10 15:19:41</subfield>
    <subfield code="n"> Available from 1967 volume: 1 until 2000 volume: 34.</subfield>
    <subfield code="i">false</subfield>
    <subfield code="S">62139218350006472</subfield>
    <subfield code="d">https://hbz-network.userservices.exlibrisgroup.com/view/uresolver/49HBZ_NETWORK/openurl?u.ignore_date_coverage=true&amp;rft.mms_id=991013864223206472</subfield>
    <subfield code="b">Available</subfield>
    <subfield code="f">JOURNAL</subfield>
    <subfield code="8">53139581020006472</subfield>
  </datafield>
  <datafield tag="POC" ind1=" " ind2=" ">
    <subfield code="a">53139581020006472</subfield>
    <subfield code="b">1967</subfield>
    <subfield code="c">2000</subfield>
    <subfield code="d">1</subfield>
    <subfield code="e">12</subfield>
    <subfield code="f">1</subfield>
    <subfield code="g">31</subfield>
    <subfield code="h">1</subfield>
    <subfield code="i">34</subfield>
  </datafield>
</record>
